1878 3308
304 295 372 330 m:
396 295 610 330 UNITATE
636 296 911 331 ECCLESIAE
942 297 1311 333 CONSERVANDA.
1487 299 1554 331 111

59 419 183 450 suam
210 411 256 450 et
274 407 501 450 comitatus
521 422 622 451 suos
651 409 706 452 ab
735 409 994 465 imperatore
1022 409 1197 466 recepit,
1228 409 1343 466 quod
1372 410 1417 451 in
1447 424 1556 467 pace

59 461 262 506 dimissus
275 462 397 518 abiit,
412 463 528 520 quod
576 471 718 507 ostera
733 465 802 508 die
810 465 974 531 legatos
989 479 1092 507 suos
1106 465 1162 508 ad
1177 466 1477 522 imperatorem
1493 482 1557 509 re-

58 518 189 574 misit,
203 519 279 576 qui
294 518 499 574 dicerent,
514 519 541 562 fi
575 535 643 563 em
660 535 790 578 quam
804 536 925 578 prius
970 521 1206 564 remisisset
1220 523 1557 578 comprovincia-

56 572 173 618 libus
185 575 277 618 suis
297 575 544 619 Saxonibus
564 591 613 620 se
636 591 723 619 non
743 592 872 635 posse
891 592 939 620 so
955 591 1069 632 vere,
1086 583 1273 620 ceterum
1295 578 1349 621 de
1364 578 1430 621 his
1446 593 1556 635 quae

56 630 296 730 {2333th
323 645 421 675 cum
450 633 710 690 imperatore
738 632 843 676 nihil
872 648 919 676 se
947 639 1144 676 acturum
1174 648 1284 676 esse.
1341 634 1436 677 Iam
1465 635 1556 691 qui-

176 686 399 731 dimiserat
415 688 650 746 imperator
667 690 904 733 exercitum
925 703 1049 732 suum
1068 689 1253 746 ideoque
1282 705 1370 733 non
1387 696 1558 748 poterat

57 748 163 786 tunc
221 745 392 810 ersequi
428 750 572 789 tantae
607 745 840 802 impietatis
876 745 1004 788 simul
1042 751 1085 789 et
1111 746 1374 789 infidelitatis
1402 748 1555 789 virum.

57 798 171 843 Nam
184 758 422 857 flmwgus
439 806 569 858 atque
584 801 830 844 Burcardus
846 801 906 844 illi
922 801 1283 859 pseudoepiscopi
1297 802 1412 845 haud
1430 803 1556 859 longe

57 861 163 899 tunc
182 854 364 900 aberant
389 871 417 899 a
435 855 529 899 loco
549 857 845 902 Herosfeldiae
875 873 974 901 cum
995 859 1084 900 suis
1105 858 1314 915 plurimis,
1346 860 1434 916 qui,
1457 873 1555 901 cum

57 911 238 956 fuissent
273 913 438 955 inimici
467 913 603 970 pacis,
632 928 719 956 non
747 915 895 972 utique
924 914 999 956 filii
1034 917 1167 971 pacis,
1196 921 1439 958 averterant
1466 917 1556 957 ani-

0 1022 3 1025 ·
57 980 177 1011 mum
206 968 481 1024 marchionis,
511 984 566 1012 ne
593 977 783 1013 servaret
810 972 930 1027 pacis
959 978 1147 1028 pactum,
1184 971 1239 1014 ab
1270 973 1332 1014 eis
1361 972 1405 1013 in
1435 986 1555 1028 spem

0 1028 2 1030 ’
55 1025 182 1081 regni
209 1023 433 1079 adductus,
464 1026 682 1083 quoniam,
711 1034 760 1069 ut
786 1042 865 1069 rex
894 1042 1042 1070 eorum
1071 1027 1239 1069 futurus
1269 1034 1393 1082 esset,
1429 1028 1555 1070 inter-

57 1080 202 1138 posita
240 1095 319 1124 sua
354 1081 439 1124 fide
468 1083 757 1139 promiserunt
784 1083 863 1126 ei¹.
921 1083 1038 1126 Ecce
1067 1098 1146 1140 per
1174 1083 1429 1126 Zachariam
1458 1098 1555 1140 pro-

87 1135 232 1181 hetam
262 1137 369 1181 dicit
387 1137 622 1181 Dominus:
652 1140 775 1182 Haec
805 1146 908 1182 sunt
935 1155 1038 1197 erqo
1058 1140 1203 1194 verba,
1234 1156 1345 1197 quae
1352 1140 1553 1196 facietis.
1567 1133 1699 1199 fgcffff

55 1150 314 1251 {oquimini
349 1196 650 1252 unusquisque
692 1197 915 1237 veritatem
952 1211 1047 1238 cum
1070 1198 1279 1252 proximo
1310 1212 1403 1250 suc,
1440 1197 1551 1238 veri·
1609 1193 1616 1200 “
1670 1191 1676 1198 '

57 1255 188 1293 tatem
215 1256 255 1293 et
282 1250 499 1293 iudicium
520 1252 655 1307 pacis
684 1252 879 1294 iudicate
907 1253 958 1294 in
980 1253 1127 1308 portis
1155 1255 1323 1307 vestris,
1353 1259 1391 1294 et
1418 1267 1552 1294 unus-

57 1307 240 1404 Risque
266 1306 432 1349 malum
460 1313 615 1350 contra
646 1309 832 1350 amicum
862 1323 988 1350 suum
1017 1323 1072 1350 ‘ne
1101 1309 1294 1365 coyitetis
1331 1310 1381 1351 in
1412 1308 1552 1350 cordi-

116 1377 139 1404 s
181 1363 334 1405 vestris
377 1369 416 1404 et
458 1364 754 1406 iuramentum
790 1364 982 1406 mendax
1021 1379 1074 1406 ne
1113 1363 1327 1421 diliqatis.
1392 1364 1552 1406 Omnia

57 1419 172 1461 enim
192 1418 298 1461 haee
317 1424 422 1461 sunt
450 1434 561 1475 quae
585 1420 672 1472 odi,
703 1419 810 1462 dicit
831 1420 1065 1462 Dominus.
1111 1418 1272 1462 Contra
1297 1419 1404 1463 haec
1426 1419 1552 1462 docet

57 1472 315 1517 Hildebrant
341 1488 420 1531 per
449 1489 510 1529 se,
540 1474 667 1518 docet
695 1482 738 1518 et
765 1482 868 1532 per⁸
897 1476 1040 1532 episco
1074 1490 1121 1518 os
1151 1490 1251 1518 suos
1280 1476 1550 1519 mendacium

55 1543 135 1587 pro
153 1530 356 1585 veritate3
386 1537 429 1574 et
451 1545 532 1588 pro
553 1545 606 1573 eo
636 1530 753 1588 quod
780 1533 1005 1588 praecepit
1069 1533 1236 1574 ominus
1265 1531 1344 1587 his,
1377 1533 1450 1590 qui
1470 1530 1550 1574 sub

55 1585 306 1642 euangelica
334 1592 434 1629 sunt
461 1586 736 1652 perfectione,
765 1602 851 1630 non
881 1589 1054 1630 omnino
1084 1589 1238 1643 iurare,
1275 1588 1431 1631 docent
1467 1588 1552 1644 ipsi
1565 1575 1747 1650 ⁰¹⁹·5ff‘g4‘fh'

14 1679 18 1681 .
55 1648 289 1686 sectatores
334 1657 434 1685 suos
472 1650 760 1686 iuramentum
803 1644 993 1686 mendax
1036 1643 1228 1700 diligere,
1271 1645 1393 1687 iuxta
1433 1644 1550 1701 quod

52 1698 215 1742 factum
234 1704 300 1742 est
326 1699 373 1741 in
390 1697 504 1741 illius
531 1699 792 1742 marchionis
820 1700 1180 1757 transgression&
1210 1715 1309 1742 cum
1339 1699 1551 1743 eiusmodi

54 1754 142 1798 sint
167 1753 360 1798 infideles
389 1762 519 1812 atque
538 1756 714 1813 periuri,
744 1763 955 1814 quotquot
971 1762 1071 1799 sunt
1099 1771 1155 1799 ex
1180 1755 1348 1799 illorum
1369 1756 1549 1813 pseudo-

54 1809 347 1868 apostolorum
390 1816 526 1869 parte,
563 1812 638 1869 qui
674 1812 836 1866 dicunt,
880 1827 926 1855 se
960 1813 1113 1855 missos
1153 1827 1259 1867 esse,
1297 1819 1346 1855 ut
1384 1812 1551 1855 solvant

53 1866 271 1910 auditores
301 1881 401 1910 suos
430 1882 458 1910 a
486 1868 748 1922 iuramentis,
778 1883 858 1933 per
877 1883 987 1926 quae
1013 1868 1143 1911 fidem
1173 1868 1390 1911 dedissent
1415 1867 1549 1911 domi·

53 1923 122 1966 nis
149 1924 254 1978 suis,
282 1937 381 1966 cum
411 1929 526 1967 certe
549 1925 716 1990 perimi
746 1923 943 1967 dicantur
976 1939 1003 1967 a
1031 1923 1167 1966 Paulo
1196 1923 1390 1980 apostolo
1420 1923 1550 1966 simili
1563 1913 1722 1986 ¹·9'f'¹,¹f,¹j¹'

7 2022 10 2023 a
53 1979 278 2023 subiacere
297 1979 575 2033 damnationi,
606 1994 693 2046 qua
711 1979 957 2023 iudicantur
975 1979 1210 2036 patricidae
1236 1987 1278 2022 et
1297 1979 1548 2022 matricidae

4 2063 9 2071 2
53 2041 98 2080 et
126 2036 258 2078 ceteri
317 2035 363 2077 ui
391 2049 478 2077 non
507 2035 790 2092 possidebunt
816 2050 997 2092 regnum
1027 2035 1124 2078 Dei.

7 2142 10 2146 ³
165 2092 234 2135 34.
325 2090 410 2134 nde
438 2092 566 2133 etiam
598 2092 868 2148 praepositae
898 2093 1079 2148 scriptor
1098 2090 1316 2147 epistolae,
1348 2092 1420 2148 qui
1451 2106 1547 2148 pro-

3 2160 14 2195 ᾳ
52 2145 198 2191 fitetur
225 2162 272 2190 se
301 2146 528 2190 defendere
557 2154 723 2204 partem
762 2148 828 2190 sui
858 2147 1071 2204 Gregorii,
1107 2148 1229 2190 cuius
1267 2153 1380 2190 certe
1417 2148 1547 2204 parti·

0 2214 282 2324 ,Ξῆἰωκήμίς
303 2250 359 2277 per
379 2244 453 2270 aem
476 2246 502 2271 1.

12 2327 18 2332 ·
54 2320 91 2362 1)
117 2319 208 2354 eum
235 2318 436 2353 Bernoldus
463 2319 502 2361 (1.
530 2330 560 2354 c.
594 2331 628 2363 p.
657 2319 743 2361 447)
770 2319 901 2360 tradat,
927 2319 1136 2362 Egbertum,
1162 2319 1380 2353 invidentem
1406 2319 1544 2363 gloriae

7 2361 24 2415 ’ζ
51 2369 150 2414 regis
180 2368 405 2410 Herimsnni,
439 2369 558 2402 animo
593 2370 803 2412 concepisse
839 2368 1017 2402 dominum
1052 2378 1153 2402 suum
1180 2378 1291 2411 regno
1317 2369 1476 2412 privare3
1510 2373 1546 2403 et

11 2408 18 2419 ⁶
53 2427 135 2453 eum
154 2417 248 2452 Ann-
267 2417 419 2461 August.
441 2417 575 2459 dicant,
601 2418 721 2451 hostes
748 2416 843 2461 (scil.
864 2414 1118 2461 imperatoris),
1146 2416 1294 2461 depulso
1313 2417 1544 2457 Herimannm

15 2462 21 2482 ’·
50 2466 247 2511 Εςὶιοήιιω
271 2476 423 2510 regnare
446 2466 678 2510 disposuisse,
703 2467 779 2499 veri
805 2466 922 2500 simile
944 2470 1009 2507 est,
1035 2466 1249 2509 Hartvigum
1271 2470 1307 2499 et
1325 2465 1545 2500 Burcardum

49 2513 122 2550 inm
147 2518 245 2558 tunc,
272 2525 351 2549 cum
370 2515 548 2549 Henricus
574 2516 611 2548 in
630 2515 820 2548 Saxouiam
848 2516 1007 2556 intraret,
1031 2515 1068 2547 in
1094 2514 1251 2558 Egberto
1278 2525 1377 2559 spem
1403 2516 1544 2560 imperii

51 2564 242 2599 excitasse.
292 2564 419 2608 Neque
453 2565 547 2598 enim
581 2565 719 2598 animos
754 2564 876 2597 borum
913 2564 1160 2608 episcoporum
1194 2574 1216 2596 a
1242 2563 1393 2608 perfidia
1420 2568 1543 2598 contra

42 2611 307 2648 'nortmannum
324 2613 562 2655 abhorruisse,
584 2613 642 2647 vel
663 2613 747 2647 inde
776 2616 936 2658 apparet,
964 2612 1059 2656 quod
1085 2613 1156 2645 iam
1184 2612 1242 2646 dio
1271 2613 1302 2647 1.
1321 2613 1414 2656 Aug.
1437 2612 1542 2648 108⁷.

50 2661 88 2695 in
126 2666 304 2696 conventu
342 2662 470 2706 Spirae
508 2666 590 2696 acto
629 2662 787 2695 Henrico
826 2662 1041 2695 adiutorium
1080 2671 1181 2694 suum
1220 2661 1266 2694 sd
1310 2661 1541 2695 obtinendum

49 2718 211 2754 regnum,
236 2712 268 2745 si
295 2710 340 2744 de
367 2712 736 2745 excommunicatione
771 2713 867 2744 exire
900 2710 1011 2743 vellet
1043 2710 1106 2751 (ef.
1139 2709 1311 2743 Beruoldi
1338 2710 1423 2744 Chr.
1458 2710 1481 2744 l.
1510 2721 1541 2744 c.

49 2759 197 2842 &0⁴:02
215 2759 856 2843 ἅὶἳωῗὲἑ“ἲέὲήᾶι’·“ῃέἓ“ῗιέἳἮ
877 2759 1062 2841 ἶῖῑὲῗέἰ,
1082 2758 1541 2851 ῗέἕὲἑζῖῖοῗζῖῗέζὲἷῗ

49 2858 163 2892 torem
196 2867 216 2890 e
242 2833 372 2892 finibus
406 2819 586 2892 Saxoni‘de
614 2820 822 2901 deplelleret.
873 2858 988 2898 Quam
1023 2867 1097 2890 rem
1125 2867 1205 2890 cum
1231 2868 1302 2890 non
1328 2857 1415 2890 satis
1443 2860 1539 2889 certo

47 2909 208 2950 sperant
232 2906 324 2940 bene
349 2916 596 2951 processuram
624 2917 714 2945 esse,
740 2906 919 2949 Egbertus
945 2905 991 2938 ad
1018 2904 1203 2949 perfidiam
1238 2916 1277 2939 se
1305 2906 1480 2939 convertit
1507 2909 1543 2938 et

46 2953 229 2988 sinulsvit
253 2966 291 2989 se
310 2955 443 2989 dedere
461 2966 500 2988 se
518 2956 735 2999 imperatori.
780 2955 860 2988 Hac
878 2956 1015 2988 ratione
1042 2959 1078 2988 et
1096 2955 1302 2988 comitatum
1328 2953 1541 2987 marchiam·

46 3010 117 3047 que
142 3005 281 3048 recepit
306 3008 342 3038 et
366 3004 562 3038 Henricum
589 3004 634 3037 ab
661 3003 827 3038 intrando
853 3005 889 3037 in
917 3004 1108 3038 Saxonum
1135 3004 1273 3037 avertit.
