1878 3308
321 261 390 295 DE
416 261 627 295 UNITATE
655 261 924 297 ECCLESIAE
951 261 1320 296 CONSERVANDA.
1519 263 1562 296 19

77 374 272 432 nihilque
301 389 331 417 a
351 373 608 432 privilegiis
635 376 893 428 immutetur,
929 374 1004 416 sed
1033 373 1230 417 omnibus
1268 374 1345 430 qui
1376 372 1564 416 ecclesiis

79 431 322 475 deserviunt
355 431 483 474 tuitio
520 431 757 486 deputetur·
813 429 868 474 Si
902 431 1000 487 quis
1030 435 1186 483 autem,
1226 429 1378 496 inquit,
1406 431 1455 471 in
1486 430 1563 472 hoc

74 501 219 546 genus
242 486 470 544 sacrilegii
482 488 753 543 proruperit,
779 493 828 528 ut
845 489 891 528 in
911 486 1112 529 ecclesias
1132 485 1371 528 catholicas
1388 486 1564 528 irruens

74 542 376 588 sacerdotibus
422 549 462 586 et
502 544 717 586 ministris
766 541 831 585 vel
871 544 963 598 ipsi
1008 542 1158 584 divino
1210 541 1348 584 cultui
1390 541 1563 597 locoque

76 599 255 657 aliquid
299 600 501 667 importet
543 600 759 649 iniuriae,
802 599 843 641 si
886 613 976 640 non
1018 599 1182 655 poterit
1222 613 1307 653 per
1387 612 1565 640 rocura-

74 661 212 700 torem
230 657 496 713 provinciae
533 654 852 712 comprehendi,
881 654 1045 711 diynus
1072 653 1268 696 videlicet
1299 613 1403 696 tagis
1440 655 1563 709 capi-

74 711 162 756 tali
201 713 415 754 contentia
448 713 620 767 puniri,
658 711 714 753 sit
752 712 917 753 cunctis
954 725 1043 752 non
1082 709 1219 752 solum
1253 709 1450 762 liberum,
1491 708 1566 751 sed

75 769 210 812 etiam
237 766 475 822 laudabile,
489 767 667 824 saetam
696 767 901 809 atrociter
928 765 1224 809 sacerdotibus
1254 771 1331 808 aut
1349 766 1565 808 ministris

78 825 298 868 iniuriam
324 823 459 867 veluti
479 823 707 880 publicum
736 824 900 865 crima
922 823 1143 878 persequi.
1188 821 1439 864 Constituit¹
1462 835 1565 878 quo·

77 894 176 938 que,
191 878 373 924 ecclesia
389 886 510 934 teste,
529 879 650 922 iuxta
665 877 851 922 edictum
869 879 1061 934 priorum
1081 879 1398 934 imperatorum,
1419 891 1566 919 omnes

76 949 188 994 quos
225 934 475 980 clementiae
516 950 619 978 suae
658 942 826 992 regeret
864 940 1248 990 temperamentum
1283 934 1329 975 in
1366 932 1440 976 tali
1471 932 1566 975 reli-

111 992 207 1036 ‘one
246 991 423 1046 venari,
470 1005 600 1050 quam
642 990 789 1034 divum
833 991 1008 1033 Petrum
1053 988 1292 1047 apostolum
1338 988 1566 1032 tradidisse

75 1006 283 1092 {omnis
319 1047 470 1104 religio
506 1062 644 1105 usque
675 1046 817 1090 adhue
845 1046 900 1089 ab
929 1047 1024 1103 ipso
1051 1046 1265 1089 insinuata
1291 1044 1490 1099 declarat,
1519 1051 1568 1088 ut

76 1103 243 1148 seilicet
274 1103 511 1147 secundum
549 1102 828 1161 apostolicam
870 1101 1140 1159 disciplinam
1185 1100 1564 1158 euangelicamque

76 1159 316 1204 ‹locu-inam
342 1160 485 1203 Patris
523 1166 564 1203 et
591 1158 692 1202 Filii
727 1165 769 1202 et
799 1158 985 1215 Spiritus
1020 1159 1156 1201 saneti
1191 1172 1320 1200 unam
1348 1157 1565 1200 Deitatem

74 1216 160 1260 sub
188 1217 284 1274 pari
311 1217 534 1259 maiestate
563 1223 605 1259 et
633 1214 712 1259 sub
742 1216 816 1272 pia
843 1215 1053 1258 Trinitate
1082 1213 1322 1267 credamus,
1350 1211 1455 1255 nihil
1483 1213 1565 1255 dis-

78 1286 231 1317 sonum
249 1273 430 1330 profana
453 1271 663 1314 divisione
681 1271 902 1325 facientes,
923 1269 1000 1313 sed
1018 1270 1239 1312 Trinitatis
1259 1268 1451 1311 ordinem
1470 1283 1564 1334 per-

76 1342 280 1372 sonarum
307 1329 541 1371 assertione
570 1343 621 1371 ac
642 1327 879 1370 divinitatis
897 1327 1101 1369 unitatem
1122 1324 1333 1368 catholica
1360 1324 1564 1380 religione

76 1391 343 1438 venerantes,
379 1383 566 1441 reliquos
602 1389 758 1435 autem,
795 1383 869 1439 qui
907 1381 961 1424 ab
996 1397 1142 1426 eorum
1173 1396 1280 1438 quos
1309 1395 1565 1423 commemo·

76 1442 187 1484 ratio
230 1441 429 1498 specialis
472 1440 684 1497 expressit
723 1439 824 1481 fidei
867 1439 1165 1481 communione
1208 1437 1473 1489 dissentiunt,
1517 1443 1566 1479 ut

78 1496 327 1540 manifestos
359 1497 572 1540 hereticos
608 1495 664 1538 ab
701 1494 890 1538 ecclesiis
926 1493 1097 1552 expelli,
1131 1508 1271 1550 neque
1300 1492 1365 1534 his
1394 1492 1564 1549 penitus

77 1558 177 1610 post
203 1553 310 1596 haec
346 1551 674 1610 optinendamm
713 1550 989 1594 ecclesiarum
1019 1550 1353 1607 pontificumque
1393 1547 1564 1590 faculta-

0 1664 3 1667 γ
76 1615 194 1653 tem·
227 1609 428 1667 permitti,
468 1615 516 1651 ut
554 1622 680 1650 verae
719 1622 770 1650 ac
806 1606 997 1649 nitidael’
1032 1605 1132 1648 fidei
1170 1604 1409 1647 sacerdotia
1447 1610 1565 1646 casta

109 1671 376 1720 ermaneant;
418 1680 495 1708 nec
537 1671 636 1720 post
676 1664 923 1716 evidentem,
970 1662 1120 1719 inquit,
1136 1662 1386 1759 1⁴praecepti
1427 1661 1567 1702 nostri

64 1679 267 1778 Jomam
300 1721 523 1779 malignae
555 1724 673 1764 Iocus
709 1720 837 1762 detur
877 1720 1079 1762 astutiae.
1176 1723 1193 1759 t
1227 1717 1429 1759 iterumn
1478 1714 1566 1765 Qui

75 1777 273 1832 divinae,
315 1777 390 1832 ait,
432 1777 541 1834 leqis
582 1778 846 1819 sanctionem
891 1781 969 1817 aut
1011 1774 1240 1817 nesciendo
1287 1772 1566 1829 confundunt

79 1840 159 1877 aut
184 1834 444 1892 neqliqendo,
470 1833 639 1876 violant
666 1839 704 1875 et
725 1831 961 1888 offendunt,
989 1829 1270 1882 sacrileqium
1290 1830 1568 1871 committunt.

75 1888 337 1933 Constituit³
365 1889 494 1932 etiam
522 1887 733 1932 Arcadius
762 1901 859 1929 cum
887 1886 1016 1929 fratre
1045 1899 1122 1928 suo
1148 1875 1358 1937 HonoriO,
1387 1882 1568 1926 ecelesia

76 1952 204 2000 teste,
230 1952 292 1998 ut,
321 1947 362 1988 si
380 1947 478 2001 quis
498 1944 766 1987 sacerdotum
786 1949 939 1985 contra
957 1943 1136 1998 quietem
1150 1940 1375 1997 publicam
1394 1938 1568 1995 aliquid

77 2001 226 2045 mdiv-i
239 2000 388 2058 fuerit
414 2001 719 2056 deprehensus,
748 1998 984 2041 secundum
1013 1997 1145 2054 leqem
1164 1997 1318 2039 divaec
1336 1995 1566 2037 memoriae

79 2057 295 2100 Gratiani
312 2058 446 2099 vitam
471 2062 578 2113 ayat
603 2061 770 2098 centum
789 2053 963 2096 utilibus
993 2053 1046 2095 ab
1066 2068 1210 2095 eorum
1230 2051 1415 2093 coetibus
1441 2065 1567 2115 sepa·

78 2119 219 2167 ratus,
253 2128 283 2155 a
318 2127 502 2170 quorum
540 2118 600 2154 est
637 2112 834 2153 societate
872 2110 1095 2152 discretus.
1153 2107 1210 2149 Et
1248 2112 1345 2172 post
1383 2105 1566 2163 plunma

75 2167 391 2212 ecclesiasticae
421 2166 671 2224 disciplinae
700 2171 877 2208 statuta:
906 2165 1121 2217 Edictum,
1151 2164 1328 2219 inqu1t⁴‚
1369 2162 1485 2218 quod
1514 2162 1566 2204 de

79 2226 246 2269 unitate
284 2240 368 2282 per
401 2224 648 2280 Africanas
690 2223 888 2279 reqiones
931 2220 1152 2263 clementia
1195 2225 1345 2261 nostra
1391 2218 1565 2271 direxit,

74 2297 159 2339 per
185 2282 362 2325 diversa
391 2282 519 2323 etiam
548 2280 644 2322 loca
670 2280 866 2335 proponi
893 2277 1101 2329 volumus,
1136 2282 1183 2317 ut
1213 2275 1409 2317 omnibus
1439 2275 1565 2315 inno-

75 2344 222 2390 taccat,
252 2337 341 2380 Dei
374 2338 492 2379 omni
525 2337 677 2378 otentis
715 2350 850 2376 unam
887 2339 924 2375 et
961 2348 1107 2375 veram
1131 2331 1265 2386 fidem
1297 2329 1564 2382 catholicam,

78 2409 211 2452 quam
245 2399 363 2436 recta
400 2409 470 2435 cre
503 2392 637 2435 ulitas
671 2391 907 2446 confitetur,
940 2403 1028 2431 esse
1058 2387 1343 2431 retinendam.
1409 2385 1566 2427 Omnes

79 2455 235 2504 autem,
264 2449 403 2506 inquit
415 2457 444 2502 ⁵,
477 2449 681 2491 hereticos
713 2453 839 2503 atque
870 2445 1136 2488 scismaticos
1165 2450 1203 2485 et
1232 2449 1391 2485 ceteros
1420 2442 1565 2484 catho-

79 2505 192 2549 licae
219 2505 422 2549 ecclesiae
451 2505 731 2547 adversarios
765 2502 1050 2545 eaeterminari
1072 2499 1392 2557 praecipimus,
1418 2498 1565 2553 primo

78 2642 112 2677 ο)
133 2643 324 2677 pontificum
344 2644 582 2676 facultatemque
607 2643 668 2670 eod.
694 2642 797 2670 Themi.
886 2641 918 2674 b)
948 2642 1084 2668 Nicenae
1111 2640 1172 2666 eod.
1199 2638 1301 2667 Theod.
1393 2637 1421 2670 c)
1443 2637 1566 2663 divinae

83 2689 113 2708 n
147 2684 265 2715 snt-n
288 2684 323 2715 Η
343 2683 498 2709 emendavit
521 2682 686 2708 Galacum.

85 2802 123 2843 1)
157 2801 248 2835 eod.
273 2801 411 2835 Theod-
438 2800 500 2834 lib.
527 2801 625 2841 xvl,
658 2802 712 2834 tit.
731 2801 760 2839 1.
795 2799 820 2833 l.
839 2800 873 2833 2.
909 2803 945 2832 et
973 2799 1007 2832 3.
1115 2797 1153 2838 2)
1193 2795 1331 2829 Ibidem
1373 2795 1435 2827 lib.
1467 2793 1563 2836 XVI,

81 2852 136 2884 tit.
155 2851 205 2892 11,
230 2850 327 2884 1.2⁶.
403 2848 442 2890 3)
468 2849 608 2883 Ibidem
634 2848 734 2882 l.86.
809 2848 847 2889 4)
875 2846 1013 2881 Ibidem
1041 2848 1092 2881 tit.
1113 2846 1177 2886 XI,
1204 2845 1228 2879 l.
1246 2845 1278 2878 2.
1356 2844 1396 2881 ὃ)
1423 2842 1566 2876 Ibidem

82 2900 139 2934 tit.
153 2900 197 2939 V,
223 2899 248 2932 l.
271 2899 306 2933 6.
333 2898 389 2932 62.
417 2898 474 2931 64.

1208 2947 1259 2979 2*
