1878 3308
106 947 193 980 108⁷,
203 947 306 974 Muta.

162 1004 246 1039 Sept.
259 1006 304 1032 16.

101 1257 176 1285 Luc.
190 1259 236 1290 22,
249 1258 297 1285 31.

182 1298 231 1326 82.

198 1429 305 1455 Matth.

197 1469 243 1502 16,
258 1469 305 1495 18.

105 1677 132 1704 1.
143 1677 306 1712 cor.s,11.

316 261 362 293 72
560 262 626 294 DE
652 262 862 296 UNITATE
888 261 1162 296 ECCLESIAE
1192 262 1558 298 CONSERVANDA.

317 380 493 416 octavus
508 382 536 428 ¹,
568 380 610 416 et
638 389 691 416 ne
721 373 860 416 adhuc
891 373 1063 431 quidem
1090 380 1258 416 cessant
1286 375 1516 432 participes
1537 376 1811 421 Hildebranti

317 429 487 472 studere
531 429 670 472 modis
716 430 924 484 omnibus,
975 437 1022 472 ut
1064 445 1150 472 non
1194 429 1349 474 habeat
1391 431 1585 475 Romana
1631 433 1813 477 ecclesia

319 485 583 529 Clementem
625 501 783 542 papam
821 501 960 542 neque
989 501 1057 528 res
1087 485 1262 543 publica
1299 486 1555 531 catholicum
1585 490 1812 547 imperato-

317 557 422 596 rem,
461 543 544 584 nisi
573 541 836 585 Herimanno
876 543 971 598 regi
1011 542 1334 599 despectissimo
1364 545 1568 588 succedat
1596 545 1704 589 alius
1732 562 1811 590 rex

317 599 559 654 despectior
593 597 680 653 illo,
717 605 760 640 et
798 599 881 640 nisi
919 599 1124 641 succedat
1154 600 1280 641 etiam
1312 598 1518 643 catholico
1547 617 1685 659 papae
1716 603 1810 646 Cle>-

318 655 449 697 menti
484 653 540 695 ali
572 655 638 696 uis
678 654 903 709 hereticus,
940 656 1049 697 sicut
1084 655 1214 697 fuisse
1251 662 1511 699 monstratur
1552 657 1624 700 ille
1670 658 1810 702 Cassi-

317 711 478 752 niensis
499 670 632 753 abcbas
654 711 829 767 Sergius
843 718 871 765 ²,
903 712 977 768 qui
1005 717 1104 768 post
1124 711 1427 754 discessionem
1457 714 1726 770 imperatoris
1756 732 1813 759 ex

318 765 443 809 Italia
474 765 829 809 subintroductus
859 776 935 819 est,
978 775 1019 811 et
1047 783 1124 823 per
1154 767 1295 810 studia
1324 769 1509 824 partium
1540 769 1813 815 Hildebranti

319 822 553 876 ordinatus,
584 824 706 865 cuius
736 822 900 866 scilicet
928 824 1099 866 honoris
1129 826 1324 880 rapinam
1353 839 1438 866 non
1469 825 1544 868 diu
1573 826 1814 884 impunitus

319 879 468 932 tenuit,
507 879 709 935 quoniam
749 880 793 921 in
831 881 926 936 ipso
964 880 1241 923 ordinationis
1279 894 1380 922 suae
1418 882 1616 938 ingressu
1655 883 1809 941 dysen-

319 936 451 977 teriae
491 935 642 978 morbo
682 934 844 978 solutus
883 935 1065 978 deficere
1097 938 1250 992 coepit,
1279 951 1332 979 ac
1362 937 1490 993 paulo
1519 945 1619 995 post
1646 941 1815 996 pericu-

319 990 408 1033 losa
438 997 573 1033 morte
603 992 777 1045 interiit,
808 1007 865 1033 ex
886 1006 970 1048 quo
991 993 1153 1035 scilicet
1173 993 1319 1034 divino
1350 993 1508 1036 iudicio
1538 996 1812 1040 manifestum

319 1052 395 1101 est,
462 1046 569 1089 ualis
606 1048 735 1090 etiam
771 1049 863 1104 ipse
902 1049 1042 1102 fuerit,
1109 1050 1153 1090 ui
1189 1049 1329 1091 adhuc
1366 1050 1517 1105 procul
1552 1051 1683 1096 dubio
1713 1052 1814 1096 sub-

317 1103 429 1146 intro
462 1109 587 1146 uetus
617 1110 693 1157 est,
723 1110 770 1147 ut
788 1103 986 1147 incendia
1006 1103 1079 1147 Hil
1114 1104 1279 1147 ebranti
1308 1106 1395 1147 iam
1416 1106 1604 1150 defuncti
1632 1110 1813 1152 resusci-

317 1165 428 1202 taret
463 1167 505 1202 et
543 1159 712 1202 hereses
749 1166 877 1216 atque
914 1162 1115 1203 scismata
1151 1160 1263 1203 illius
1303 1177 1358 1204 ex
1393 1163 1499 1204 tanti
1536 1165 1814 1220 pontificatus
1845 1188 1847 1190 v

320 1216 572 1259 auctoritate
611 1215 883 1259 confirmaret
895 1224 926 1258 ³.
997 1217 1134 1273 Saepe
1179 1217 1352 1274 quidem
1393 1226 1562 1262 satanas
1605 1223 1815 1278 expetivit

319 1271 508 1326 Petrum,
544 1278 592 1314 ut
630 1271 837 1314 cribraret
873 1274 983 1314 sicut
1018 1275 1220 1315 triticum.
1278 1274 1366 1317 Sed
1395 1290 1486 1332 eqo,
1531 1276 1643 1320 dixit
1676 1279 1811 1334 Iesus,

319 1330 478 1384 rogavi
492 1343 578 1384 pro
598 1334 649 1382 te,
680 1334 728 1370 ut
748 1344 836 1371 non
857 1329 1032 1383 deficiat
1040 1330 1156 1384 fides
1176 1336 1267 1383 tua,
1296 1331 1431 1373 Petre.
1475 1332 1629 1375 Petrus
1650 1335 1813 1392 quippe

320 1384 554 1427 ministerio
585 1390 648 1426 est
677 1383 883 1427 ecclesiae
913 1400 1041 1442 super
1069 1392 1248 1441 petram,
1281 1387 1355 1443 qui
1386 1386 1580 1431 Christus
1609 1398 1686 1445 est,
1720 1393 1814 1433 fun-

319 1440 458 1494 datae,
502 1447 544 1483 et
578 1441 733 1482 iccirco
776 1445 938 1497 ‘portae
974 1441 1099 1483 inferi
1134 1456 1219 1484 non
1256 1443 1565 1498 praevalebunt
1603 1446 1814 1490 adversus

319 1497 437 1551 eam’,
474 1497 674 1553 quoniam
714 1497 807 1553 ipse
839 1497 1036 1540 Christus
1068 1513 1196 1554 super
1228 1505 1360 1541 semet
1393 1500 1535 1556 ipsum
1571 1502 1814 1547 aedificavit

320 1567 428 1606 eam,
473 1558 603 1609 atque
641 1552 739 1595 ideo
777 1557 914 1596 ‘nemo
950 1560 1093 1610 potest
1131 1553 1247 1596 aliud
1283 1554 1606 1599 fundamentum
1642 1561 1815 1615 ponere'

320 1614 618 1664 praeterquam
648 1608 765 1665 quod
794 1612 982 1666 positum
1005 1625 1097 1652 esse
1127 1611 1232 1652 dicit
1261 1612 1429 1667 sapiens
1456 1612 1526 1655 ille
1555 1614 1813 1659 architectus

321 1663 479 1706 Paulus
500 1664 730 1720 apostolus,
760 1666 849 1722 ‘qui
873 1673 938 1708 est
958 1665 1152 1709 Christus
1172 1666 1318 1720 Iesus’,
1349 1682 1447 1709 cum
1477 1668 1655 1711 ecclesia
1683 1671 1812 1715 huius

322 1721 475 1776 capitis
513 1721 569 1762 sit
604 1734 771 1777 corpus,
811 1735 868 1763 ex
903 1722 1024 1764 cuius
1061 1723 1236 1764 unitatis
1273 1724 1474 1766 societate
1505 1726 1698 1783 quisquis
1726 1729 1810 1771 dis—

322 1777 508 1830 cesserit,
537 1777 651 1818 hunc
681 1777 882 1830 alienum,
912 1778 1139 1834 profanum
1177 1785 1218 1820 et
1253 1777 1418 1821 hostem
1449 1795 1541 1823 esse
1572 1796 1812 1828 consonans
1847 1802 1850 1804 ·

319 1832 524 1874 iudicium
555 1839 800 1875 sanctorum
829 1840 1000 1890 patrum
1030 1833 1198 1877 diffinit.
1255 1834 1371 1877 Ecce
1409 1836 1584 1892 quidam
1618 1840 1812 1898 episcopi

319 1895 585 1931 secesserunt
613 1889 657 1929 in
676 1895 843 1945 partem
864 1889 1148 1944 Hildebranti,
1177 1889 1385 1933 habentes
1415 1907 1510 1934 eam
1529 1893 1662 1950 pluris
1682 1898 1813 1953 pretii

321 1959 448 2001 quam
479 1945 798 1987 universitatem
819 1945 1052 1989 catholicae
1082 1946 1288 1989 ecclesiae
1307 1948 1405 1990 Dei.
1449 1948 1521 1991 Ex
1542 1965 1626 2007 quo
1650 1952 1811 1996 factum

319 2007 396 2054 est,
427 2001 661 2044 seminante
691 2001 866 2044 inimico
904 2002 1075 2045 homine
1110 2003 1156 2044 in
1192 2018 1295 2059 agro
1333 2005 1548 2048 dominico
1578 2007 1811 2052 multorum

320 2056 616 2099 scandalorum
642 2058 819 2112 zizania,
849 2065 896 2101 ut
924 2059 970 2101 in
999 2059 1230 2115 episcopiis
1259 2074 1405 2102 eorum
1435 2061 1585 2106 fierent
1613 2078 1699 2106 non
1723 2066 1810 2108 iam

318 2112 374 2155 ba
407 2113 581 2167 tisteria‚
621 2113 697 2156 sed
724 2114 966 2167 homicidia,
1000 2130 1087 2157 non
1118 2116 1227 2157 sacri
1257 2115 1496 2159 chrismatis
1530 2122 1814 2176 consecratio,

319 2128 404 2211 sedJ
434 2169 611 2211 humani
645 2171 864 2226 sanguinis
903 2172 1068 2225 effusio,
1105 2186 1192 2213 non
1221 2171 1305 2213 alia
1334 2172 1548 2229 quaelibet
1579 2175 1739 2220 Christi
1768 2184 1812 2221 et

320 2224 526 2268 ecclesiae
564 2234 844 2281 sacramenta,
889 2242 997 2283 quae
1035 2226 1172 2270 solent
1208 2228 1302 2270 fieri
1344 2244 1422 2285 per
1457 2231 1682 2288 episcopos
1710 2233 1813 2286 Dei,

320 2281 396 2323 sed
439 2290 749 2336 execramenta,
795 2297 904 2338 quae
947 2283 1084 2326 solent
1123 2284 1216 2325 fieri
1259 2299 1337 2340 per
1378 2286 1593 2328 ministros
1636 2288 1808 2344 diaboli,

320 2338 407 2393 qui,
445 2338 555 2380 sicut
584 2345 757 2380 sanctus
789 2339 1059 2395 Cyprianus4
1089 2341 1319 2396 episcopus
1358 2341 1520 2395 scribit,
1557 2353 1679 2387 videm
1709 2353 1810 2389 idola

320 2396 488 2431 derelicta
513 2401 544 2431 et
555 2409 623 2441 per
639 2399 787 2432 nimium
807 2398 1023 2433 credentium
1034 2400 1208 2443 populum
1226 2400 1324 2433 sedes
1345 2411 1430 2433 suas
1453 2413 1494 2434 ac
1511 2403 1640 2444 templa
1657 2403 1808 2447 deserta,

321 2445 530 2490 excoyitavit
562 2458 691 2480 novam
714 2448 902 2490 fraudem,
935 2453 974 2480 ut
1000 2449 1063 2481 sub
1089 2448 1166 2491 ipso
1192 2448 1376 2482 christiani
1400 2450 1550 2483 nominis
1577 2451 1675 2484 titulo
1692 2452 1811 2494 fallat

318 2493 491 2536 incautos,
526 2495 730 2538 heresesque
762 2496 895 2530 invenit
929 2502 961 2530 et
997 2497 1173 2537 scismata,
1200 2496 1328 2539 quibus
1354 2498 1566 2532 subverteret
1583 2500 1706 2542 fidem,
1733 2513 1806 2534 cor-

318 2555 495 2591 rumperet
520 2549 712 2591 veritacem,
738 2549 910 2584 scinderet
935 2550 1118 2585 unitatem.
1171 2541 1296 2584 Unde
1336 2548 1378 2585 et
1407 2544 1644 2599 supradicti
1673 2559 1809 2588 sacer-

319 2592 440 2635 dotes
469 2593 755 2647 Hildebranti,
784 2596 1056 2638 aestimantes
1086 2611 1164 2638 suo
1194 2612 1325 2651 more,
1366 2598 1589 2641 ecclesiam
1618 2600 1705 2644 Dei
1733 2608 1814 2644 aut·

317 2649 527 2691 immitem
556 2664 649 2692 esse
685 2657 758 2692 aut
792 2666 879 2692 non
908 2666 1035 2707 posse
1065 2666 1115 2695 ea
1146 2668 1255 2718 quae
1285 2653 1417 2710 ligata
1445 2663 1544 2698 sunt
1571 2655 1810 2712 absolvere,

318 2705 606 2749 discesserunt
648 2706 702 2748 ab
749 2707 977 2749 universali
1019 2708 1198 2751 ecclesla
1234 2716 1275 2752 et
1313 2710 1573 2767 reliquerunt
1609 2714 1809 2770 proprias

320 2825 358 2869 1)
391 2826 435 2860 A.
465 2827 570 2860 1092.
699 2825 738 2871 2)
771 2828 883 2862 Immo
910 2829 1131 2864 Desiderius.
1233 2832 1270 2873 3)
1307 2833 1358 2864 Re
1385 2843 1470 2865 vera
1495 2834 1708 2867 Desiderius
1733 2845 1805 2868 non
1835 2869 1838 2871 ,

315 2879 415 2909 tanto
442 2876 559 2909 studio
586 2880 647 2909 aut
671 2878 797 2911 ardore
825 2883 942 2922 partes
967 2878 1198 2912 Hildebranti
1222 2881 1448 2924 sequebatur.
1489 2882 1542 2916 ef.
1560 2881 1666 2924 Jaffd,
1690 2884 1810 2927 Epist.
1864 2873 1878 2878 ι

318 2924 400 2958 coll.
420 2924 476 2957 29.
496 2924 560 2964 303
589 2929 624 2958 et
640 2926 805 2959 Amatum
823 2928 888 2968 IV,
915 2938 945 2961 c.
963 2928 1020 2960 52.
1056 2928 1111 2962 cf.
1127 2930 1271 2968 Hirsch,
1294 2930 1562 2974 ‘Forschungen
1580 2943 1610 2965 z.
1630 2931 1806 2966 Deutsch.

317 2971 461 3007 Geseh.'
488 2974 571 3017 VII,
597 2986 631 3018 p.
659 2975 702 3006 91
731 2987 808 3019 sqq.
910 2976 950 3020 4)
978 2977 1147 3021 Cypriani
1174 2979 1293 3022 Opera
1318 2990 1353 3022 p.
1381 2978 1465 3012 211.
