1878 3308
252 259 345 293 vm
863 255 1150 289 PRAEFATIO.

255 371 491 427 apoloqia'.
524 369 758 412 Goldastus
779 374 911 410 totam
927 367 1267 422 disputationem
1288 368 1336 409 in
1351 373 1436 410 tres
1449 367 1584 410 libros
1600 367 1752 410 divisit

255 434 293 470 et
312 427 447 469 libros
476 428 525 469 in
547 427 711 481 capita,
739 426 788 467 in
809 439 994 480 quorum
1014 423 1307 479 capitulorum
1333 424 1550 467 divisione
1577 429 1750 466 secutus

254 489 328 536 est,
359 489 407 524 ut
434 483 530 538 ipse
559 482 680 535 dicit,
710 482 916 523 sectiones
945 480 1151 522 editionis
1172 479 1484 533 Freherianae,
1513 479 1612 522 licet
1640 494 1748 522 non-

255 554 483 595 nunquam
504 553 673 593 parum
695 537 908 580 commode
937 536 1170 578 intercisas
1199 542 1238 576 et
1266 535 1320 577 ab
1340 537 1515 592 inteqra
1536 536 1751 578 sententia

251 597 543 651 interruptas.
604 595 732 636 Anno
773 593 896 645 1624,
935 607 1031 634 cum
1070 593 1303 647 scriptores
1339 606 1487 634 rerum
1517 591 1749 634 Germani·
1806 600 1808 602 '

250 667 408 694 <carum
434 651 631 692 rariores
648 649 822 703 flerent,
855 664 883 690 a
903 647 1187 690 Wechelianis
1221 647 1452 689 heredibus
1481 662 1592 690 nova
1617 648 1750 690 editio

250 708 360 750 tomi
389 707 533 762 primi
575 706 755 749 Freheri
799 704 1024 746 adornata
1067 710 1141 745 est.
1199 704 1258 745 Et
1300 719 1396 745 cum
1441 702 1580 746 altera
1621 704 1752 746 etiam

256 763 519 806 collectionis
538 762 836 804 Freherianae
865 760 998 803 editio
1028 761 1142 802 inter
1161 759 1355 816 reliquas
1362 759 1466 814 fere
1485 765 1591 802 esset
1609 760 1749 801 raris-

256 820 382 871 sima,
413 818 594 874 publico
634 818 814 860 consilio
854 823 982 858 ratus
1022 817 1195 858 tertiam
1238 816 1470 858 editionem
1514 815 1753 858 adornavit

257 874 415 918 Struve
432 875 718 931 Aryentorati
735 873 842 915 1717
860 880 887 913 ¹.
902 898 945 903 —
962 872 1211 914 Editionem
1219 873 1376 927 princi
1410 887 1474 914 em
1488 872 1623 914 secuti
1642 885 1754 927 quae

257 931 340 973 alii
383 937 492 972 recte
536 930 784 972 emendasse
830 928 1033 970 videntur
1075 929 1338 983 recepimus,
1400 929 1487 970 ocis
1531 927 1754 982 corruptis

257 993 469 1043 quantum
512 987 763 1042 potuimus,
800 985 1007 1041 fontibus
1041 985 1302 1040 praesertim
1350 983 1542 1036 collatis,
1591 983 1756 1025 mederi

256 1043 518 1096 studuimus,
540 1042 760 1084 scribendi
778 1042 991 1083 rationem
1010 1041 1123 1082 mori
1142 1039 1309 1082 saeculi
1329 1039 1403 1083 XI.
1425 1040 1754 1095 adaptavimus.

262 1097 391 1146 Quod
411 1099 470 1140 ad
492 1100 687 1153 capitum
707 1098 963 1139 divisionem
985 1097 1148 1149 attinet,
1172 1096 1430 1152 plerumque
1450 1097 1586 1138 secuti
1604 1108 1754 1137 sumus

258 1154 519 1197 Goldastum
549 1160 587 1196 et
615 1154 864 1195 Freherum.
916 1152 1021 1195 Cum
1052 1158 1208 1205 autem,
1238 1158 1285 1193 ut
1315 1151 1556 1194 Goldastus
1585 1165 1753 1207 quoque

257 1225 337 1252 suo
367 1211 463 1252 iure
493 1211 613 1263 dicit,
642 1210 861 1252 interdum
892 1209 1098 1251 sectiones
1129 1208 1325 1263 capitum
1351 1222 1518 1263 parum
1539 1207 1754 1249 commode

256 1267 490 1308 intercisae
510 1266 749 1307 videantur
777 1272 814 1308 et
833 1266 1044 1307 sermonis
1058 1265 1393 1319 perpetuitatem
1414 1265 1755 1318 interrumpant,

257 1322 477 1364 interdum
510 1321 614 1364 aliis
641 1321 749 1364 locis
769 1322 1013 1363 orationem
1041 1320 1358 1372 intercidimus,
1389 1319 1466 1362 ubi
1491 1325 1633 1361 autem
1652 1318 1751 1360 Fre-

259 1379 390 1420 herus
420 1385 458 1420 et
490 1377 728 1420 Goldastus
758 1378 937 1420 initium
966 1377 1128 1431 capitis
1158 1377 1367 1432 cuiusque
1395 1390 1484 1418 esse
1512 1373 1757 1427 voluerunt,

258 1449 486 1477 numerum
515 1449 662 1476 eorum
690 1435 740 1475 in
770 1434 969 1489 maryine
1001 1433 1254 1475 adiecimus.

376 1490 543 1538 Quibus
563 1490 690 1532 rebus
710 1490 933 1545 eoepositis,
956 1504 1075 1530 nunc
1097 1488 1220 1530 nobis
1246 1485 1560 1543 explicandum
1579 1492 1654 1540 est,
1675 1500 1759 1542 quo

258 1554 446 1602 tempore
468 1547 582 1588 hanc
603 1545 857 1601 apoloyiam
877 1546 1087 1600 scriptam
1107 1559 1195 1586 esse
1209 1550 1427 1598 putemus.
1467 1543 1599 1584 Liber
1618 1548 1761 1584 autem

254 1604 430 1658 primus
462 1601 695 1657 apologiae
719 1616 991 1656 perpaucas,
1019 1600 1128 1642 liber
1157 1600 1265 1641 alter
1288 1597 1533 1653 permultas
1560 1612 1630 1639 res
1659 1611 1759 1640 con-

261 1660 380 1711 tinet,
420 1673 440 1698 e
481 1658 637 1713 quibus
677 1657 826 1712 colligi
860 1662 1012 1710 potest,
1054 1655 1231 1711 quando
1270 1660 1383 1696 totus
1420 1654 1530 1695 liber
1566 1654 1762 1709 scriptus

262 1715 332 1758 sit.
373 1714 493 1755 Nam
514 1727 778 1769 quamquam
809 1718 962 1753 auctor
991 1711 1125 1753 altero
1155 1711 1265 1753 libro
1295 1710 1527 1766 epistulam
1556 1710 1761 1752 monachi

263 1770 495 1812 cuiusdam
525 1770 867 1824 Hirsauqiensis
895 1766 1067 1821 refellit,
1096 1773 1241 1809 tamen
1269 1765 1430 1807 multas
1456 1780 1540 1819 res,
1571 1781 1682 1822 quae
1711 1766 1761 1807 in

263 1826 484 1878 Saoeonia,
518 1825 782 1881 Thurinqia,
813 1825 982 1865 Hassia
1012 1823 1064 1865 ab
1085 1824 1144 1865 iis
1157 1822 1445 1879 principibus
1474 1828 1514 1864 et
1542 1823 1762 1878 episcopis

263 1882 540 1939 gerebantur,
591 1883 669 1937 qui
723 1896 751 1922 a
799 1879 1007 1936 Greyorii
1050 1879 1139 1920 VII.
1181 1877 1390 1934 partibus
1432 1877 1620 1931 stabant,
1671 1883 1760 1920 tam

266 1944 470 1980 accurate
513 1943 686 1989 narrat,
733 1942 781 1978 ut
822 1935 982 1978 multas
1022 1936 1117 1991 ipse
1157 1935 1331 1987 vidisse,
1370 1934 1530 1976 multas
1571 1933 1761 1987 audisse,

263 1993 410 2036 multis
430 1993 558 2034 rebus
577 1992 834 2047 interfuisse
854 1992 1071 2034 videatur.
1111 1991 1287 2033 Primus
1307 1990 1440 2042 locus,
1470 2004 1491 2031 e
1540 2004 1596 2031 uo
1617 1989 1762 2043 elucet,

264 2064 348 2105 quo
380 2055 567 2104 tempore
598 2048 809 2105 apoloyia
837 2054 991 2089 nostra
1020 2048 1188 2102 scripta
1217 2048 1286 2098 sit,
1319 2053 1380 2087 est
1405 2045 1477 2088 lib.
1517 2077 1531 2098 ,
1561 2062 1596 2089 c.
1615 2046 1656 2099 3,
1686 2045 1764 2088 ubi

263 2106 417 2147 verba:
449 2119 578 2162 quem
606 2119 684 2160 per
712 2110 850 2146 totum
877 2110 1047 2159 tempus
1077 2102 1340 2144 imminentis
1368 2100 1491 2155 belli,
1558 2101 1645 2144 uod
1673 2101 1762 2143 iam

264 2175 344 2217 per
375 2161 425 2202 17
456 2175 591 2203 annos
627 2167 798 2215 gestum
830 2166 908 2213 est,
949 2159 1069 2200 Deus
1106 2157 1359 2200 mirabiliter
1398 2164 1518 2199 custo
1551 2158 1642 2212 ivit,
1681 2172 1761 2200 nos

265 2218 432 2270 docent,
464 2218 541 2260 hoc
571 2217 783 2271 scriptum
813 2231 902 2258 esse
931 2221 1110 2257 eoeeunte
1142 2230 1261 2256 anno
1290 2213 1409 2256 1090.
1453 2213 1619 2255 Initum
1649 2214 1764 2255 enim

265 2279 324 2315 est
362 2273 439 2314 hoc
476 2272 629 2315 bellum
667 2287 784 2314 anno
818 2271 941 2324 1073,
981 2286 1078 2312 cum
1117 2270 1242 2312 nobis
1279 2269 1512 2311 dicendum
1550 2271 1618 2321 sit,
1649 2267 1762 2310 illud

266 2330 456 2383 coepisse
486 2329 540 2370 ab
571 2329 902 2383 oppugnatione
929 2327 1046 2368 arcis
1074 2325 1194 2367 illius
1224 2340 1336 2381 quae
1367 2324 1604 2381 Harzbury
1634 2339 1759 2366 voca-

266 2390 339 2425 tur
367 2391 405 2425 et
433 2399 461 2425 a
482 2389 691 2426 conventu
720 2384 770 2425 in
790 2384 885 2424 vico
904 2381 1200 2424 Wormsleben.
1237 2380 1410 2423 Deinde
1435 2380 1552 2422 nobis
1573 2380 1763 2422 occurrit

266 2439 339 2481 lib.
370 2440 405 2492 Ι,
442 2456 476 2481 c.
505 2439 571 2492 17,
600 2440 675 2482 ubi
703 2438 912 2494 leyimus:
957 2436 1072 2493 quod
1101 2451 1199 2478 cum
1228 2451 1305 2492 per
1334 2435 1410 2477 hos
1443 2435 1496 2477 14
1524 2449 1658 2477 annos
1687 2442 1763 2477 aut

267 2509 318 2536 eo
338 2494 522 2550 amplius
541 2495 784 2551 frequenter
812 2499 1067 2549 temptatum
1099 2493 1167 2546 sit,
1197 2492 1252 2533 ad
1274 2492 1472 2533 effectum
1501 2499 1644 2533 tamen
1667 2506 1761 2547 per-

266 2551 411 2592 venire
439 2565 527 2592 non
557 2551 707 2606 potuit.
757 2548 879 2599 Quae
899 2550 1029 2591 verba
1059 2549 1166 2605 quid
1196 2549 1281 2590 sibi
1309 2548 1453 2600 velint,
1484 2562 1537 2589 ecc
1565 2549 1621 2589 iis
1651 2562 1762 2603 quae

267 2613 512 2662 sequuntur
550 2612 752 2661 apparet.
809 2606 1030 2648 Pertinent
1058 2606 1173 2647 enim
1203 2605 1264 2646 ad
1292 2604 1486 2646 studium
1510 2618 1664 2659 papae
1693 2604 1762 2646 de-

261 2663 461 2720 ponendi
482 2663 667 2704 Henrici
685 2663 803 2718 reqis
830 2668 868 2703 et
891 2660 1206 2703 Germanorum
1226 2660 1532 2702 iurisiurandi
1551 2658 1762 2702 solvendi.

268 2719 465 2762 Primam
502 2718 745 2773 epistulam,
785 2733 873 2773 qua
913 2732 956 2758 se
992 2718 1090 2758 iure
1129 2717 1523 2758 eaecommunicasse
1551 2731 1695 2772 reyem
1723 2721 1761 2758 et

269 2776 565 2817 iuramentum
597 2772 915 2815 Germanorum
954 2772 1130 2814 solvisse
1161 2772 1458 2814 demonstrare
1488 2778 1684 2823 conatur,
1723 2777 1763 2812 et

269 2832 319 2872 in
350 2846 438 2886 qua
461 2836 676 2885 provocat
707 2830 767 2871 ad
796 2828 994 2884 eoeempla
1022 2829 1271 2870 Zachariae
1302 2834 1340 2868 et
1369 2828 1587 2883 Stephani
1609 2841 1758 2882 papa-

274 2914 312 2957 1)
338 2914 393 2948 cf.
419 2915 530 2958 praef.
559 2914 693 2948 Struvii
718 2914 755 2946 in
781 2913 974 2947 editionem
1001 2914 1035 2946 3.
1063 2912 1285 2946 collectionis
1311 2911 1564 2945 Freherianae.
