1878 3308
317 285 387 319 DE
412 284 623 319 UNITATE
651 284 920 319 ECCLESIAE
947 284 1316 320 CONSERVANDA.
1521 287 1565 320 79

71 411 148 442 eos
187 397 262 455 qui
300 396 510 440 eiusmodi
538 405 638 440 sunt
672 397 908 454 periurium
937 404 1066 454 atque
1094 396 1289 454 perfidia,
1323 405 1384 452 ut,
1413 397 1565 442 hereti-

72 466 223 498 corum
257 451 385 496 simul
422 451 813 519 catholicorumque
853 452 1118 496 confessione
1151 454 1371 509 permista,
1407 461 1565 498 cuncta

70 523 200 554 verae
235 515 282 552 et
315 523 524 566 syncerae
566 508 641 552 reli
674 509 786 552 ioms
829 509 916 551 sint
937 508 1140 563 stur-bata,
1185 509 1479 567 catholicaque
1523 518 1566 553 et

70 564 310 624 apostolica
351 566 518 623 puritas
566 525 756 609 con÷usa.
823 566 991 608 Periuri
1038 566 1201 622 quippe
1248 566 1476 623 patricidis
1524 576 1567 609 et

70 621 308 665 matricidis
336 623 614 680 caeterisque,
644 623 718 680 qui
745 636 834 664 non
894 621 1143 665 ossidebunt
1169 637 1351 678 regnum
1380 623 1480 677 Dei,
1510 624 1566 666 ab

69 676 267 736 apostolo
286 686 604 736 comparantur,
633 692 761 736 quam
790 678 851 721 sc‘
873 678 956 720 ‘cet
983 678 1239 721 sententiam
1270 677 1412 721 nullus
1431 679 1776 728 homi-1.·r1m.1‚1o.

69 748 175 778 num
218 748 347 791 posse
388 733 556 778 solvere
596 733 827 792 probatur,
866 734 1052 791 ideoque
1090 735 1243 776 maiori
1279 735 1566 778 damnationis

70 791 283 834 sententia
300 790 496 848 episcopi
523 789 813 845 involvuntur,
843 805 929 856 qua
957 791 1119 847 periuri
1139 806 1233 834 esse
1253 791 1566 847 declarentur·,

71 846 148 905 qui
173 847 406 904 praecipue
434 861 491 889 ex
519 846 720 890 mandato
749 846 928 889 Domini
955 862 1035 903 per
1063 846 1335 904 euangelium
1365 848 1494 891 simul
1524 858 1568 892 et

71 917 129 946 ex
147 903 380 946 constituto
399 917 614 946 canonum
634 904 775 946 iurare
794 902 1090 960 prohibentur.
1125 903 1383 948 Iuraverant
1403 906 1565 971 quippe

69 957 291 1002 Henricho
329 959 423 1016 regi
461 973 610 1002 omnes
647 961 928 1016 suprascripti
964 959 1157 1016 episcopi
1193 959 1359 1018 absque
1394 961 1460 1004 his
1492 964 1566 1019 qui

70 1028 128 1059 ex
155 1015 384 1059 occasione
412 1013 513 1059 belli
543 1014 747 1059 Saxonici
774 1016 933 1059 furtive
961 1023 1062 1059 sunt
1090 1016 1343 1071 introducti3
1383 1032 1565 1075 quorum

69 1070 295 1129 perfidiam
324 1077 368 1115 et
384 1070 555 1115 hereses
583 1078 712 1130 atque
732 1073 935 1115 scismata
963 1072 1000 1114 si
1020 1073 1116 1130 quis
1136 1072 1366 1129 diligenter
1384 1074 1567 1117 attendit

70 1133 115 1171 et
149 1126 327 1171 discutit
361 1142 441 1184 per
477 1127 660 1184 singula,
696 1130 932 1186 perspiciet
961 1143 1078 1183 sane,
1106 1143 1327 1186 nunquam
1357 1129 1412 1172 ab
1441 1131 1565 1173 initio

32 1216 35 1218 -
68 1184 285 1228 nascentis
313 1183 522 1227 ecclesiae
552 1191 616 1228 tot
644 1192 688 1228 et
714 1191 834 1228 tanta
862 1185 973 1227 sicut
1001 1199 1116 1227 nunc
1145 1193 1244 1228 sunt
1271 1186 1404 1229 fuisse
1444 1202 1565 1230 scan-

69 1238 264 1284 dalorum
291 1255 465 1297 genera,
494 1255 678 1298 quorum
708 1255 809 1283 cum
838 1257 971 1298 supra
989 1241 1225 1284 dixerimus
1254 1241 1413 1300 aliqua,
1442 1243 1566 1300 plura

67 1294 212 1340 adhuc
248 1294 457 1351 dicemus,
492 1311 602 1354 quae
639 1312 718 1354 per
745 1297 936 1354 singulos
964 1297 1060 1340 illos
1094 1298 1491 1356 pseudoepiscopos
1519 1301 1565 1342 in

69 1350 252 1396 ecclesia
284 1353 370 1396 sint
404 1360 540 1410 gesta,
581 1367 681 1396 cum
717 1368 769 1396 ea
808 1368 918 1411 quae
960 1355 1173 1410 gesserint
1215 1355 1260 1396 in
1303 1371 1349 1398 re
1422 1355 1564 1398 ublica

68 1408 156 1452 sint
191 1407 392 1452 omnibus
430 1409 670 1452 manifesta.
728 1410 851 1453 Sicut
887 1410 1001 1452 enim
1039 1425 1117 1467 per
1143 1425 1276 1453 unum
1306 1371 1563 1455 scribentem

69 1478 221 1508 eorum
248 1465 439 1507 omnium
468 1465 643 1522 vulgata
670 1467 952 1523 transgressio
973 1473 1049 1521 est,
1081 1467 1157 1523 qm·
1185 1467 1231 1509 in
1261 1468 1441 1510 eandem
1463 1469 1564 1511 scis·

68 1521 197 1564 matis
224 1526 354 1620 afflue
383 1520 589 1578 perfidiae
617 1522 859 1566 reciderant
877 1523 1090 1565 actionem
1110 1522 1407 1580 amplectendo
1426 1539 1467 1566 m
1530 1526 1564 1566 's

67 1583 198 1635 atque
216 1576 246 1620 d
289 1576 484 1620 eudendo
513 1578 582 1620 sui
602 1578 805 1635 Gregorii
828 1587 995 1636 partem
1024 1593 1155 1636 quam
1176 1579 1408 1624 catholicae
1429 1595 1505 1623 ecc
1523 1596 1565 1624 e-

13 1680 15 1682 ,
67 1633 158 1677 siae
195 1633 536 1687 universitatem,
576 1635 639 1676 sic
672 1635 718 1676 in
756 1648 841 1677 uno
872 1635 1121 1693 eodemque,
1152 1637 1227 1693 qui
1287 1651 1334 1679 ro
1365 1636 1564 1680 omnibus

66 1689 300 1747 scripserat
312 1688 385 1732 vel
403 1689 633 1733 scribendo
655 1691 845 1733 omnium
859 1691 1099 1734 voluntates
1150 1650 1379 1747 τοάἰιξθταῐ,
1395 1699 1563 1749 cuncta,

68 1759 181 1804 quae
216 1745 274 1789 ad
310 1745 507 1788 notitiam
546 1761 688 1789 rerum
725 1747 829 1790 satis
862 1747 1035 1791 abunde
1071 1749 1116 1790 iu
1148 1748 1314 1791 icamus
1350 1750 1561 1801 sufficere,

67 1800 290 1846 studemus
317 1801 501 1846 fideliter
527 1817 582 1846 ex
615 1817 759 1850 onere,

178 1859 251 1902 21.
305 1858 452 1902 Primo
490 1859 565 1915 qui
597 1873 667 1901 em
704 1858 935 1902 dicendum
975 1866 1052 1914 est,
1092 1861 1207 1918 quod
1246 1862 1338 1904 sine
1375 1861 1560 1904 lacrimis
1576 1874 1687 1910 (xxn)

67 1912 157 1957 diei
183 1929 272 1957 non
301 1921 483 1972 oportet,
513 1915 615 1972 quia
642 1924 780 1958 mater
807 1922 967 1969 nostra,
999 1924 1148 1958 sancta
1176 1916 1340 1960 scilicet
1369 1918 1562 1960 Romana

66 1969 264 2024 ecclesia,
303 1971 349 2013 in
384 1977 546 2013 tantam
575 1970 894 2028 despectionem
929 1971 1045 2027 apud
1074 1971 1281 2015 adversae
1310 1974 1444 2030 partis
1474 1975 1561 2030 epi·

66 2039 223 2084 scopos
241 2027 372 2079 venit,
400 2034 462 2080 ut,
490 2026 603 2069 sicut
630 2027 676 2068 in
703 2027 898 2070 Romana
926 2042 971 2068 re
991 2026 1169 2083 publica
1197 2043 1283 2070 non
1311 2035 1455 2085 potest
1482 2045 1561 2071 rex

66 2088 144 2125 aut
179 2082 414 2140 imperator
451 2096 561 2135 esse,
600 2083 685 2124 nisi
724 2097 853 2139 quem
886 2082 1016 2124 iidem
1046 2084 1129 2140 ipsi
1159 2083 1303 2137 velint,
1334 2086 1422 2142 qui,
1451 2086 1563 2128 sicut

69 2136 267 2181 Gelasius
282 2145 294 2169 ¹
339 2139 628 2195 conqueritur,
671 2148 749 2183 sedi
790 2148 1003 2192 apostolicae
1039 2154 1247 2192 potestatem
1283 2150 1462 2194 primatus
1504 2151 1563 2185 sui

69 2203 247 2233 conantum
286 2197 421 2242 eripere
468 2203 500 2232 el
541 2197 676 2232 sibimet
723 2208 800 2231 eam
844 2202 967 2230 contra
1009 2209 1160 2232 canones
1202 2199 1416 2233 contendunt
1458 2211 1561 2233 usur·

60 2263 167 2298 pm.
223 2242 350 2287 Unde
387 2242 515 2286 etiam
554 2242 728 2300 quidam
758 2242 927 2284 infamis
957 2256 1188 2298 personae,
1226 2244 1298 2301 qui
1326 2244 1487 2298 scribit,
1515 2260 1562 2287 se

67 2311 253 2357 suosque
294 2305 460 2357 partem
504 2299 571 2341 sui
611 2298 811 2355 Gregorii
853 2297 1096 2351 defendere,
1140 2301 1377 2355 praesumit
1415 2308 1562 2343 contra

67 2362 218 2398 sancta
268 2361 512 2399 sanctorum
562 2355 679 2412 loqui
726 2362 769 2397 et
817 2354 1082 2410 magnificari
1129 2354 1355 2398 adversum
1404 2370 1560 2399 nomen

17 2417 19 2419 ’
68 2409 303 2455 catholicae
340 2410 546 2455 ecclesiae
583 2411 682 2464 Dei,
717 2410 982 2467 praedicans,
1011 2424 1105 2453 eam
1142 2426 1235 2454 esse
1270 2412 1314 2453 in
1344 2419 1466 2469 parte
1495 2414 1561 2455 sui

70 2465 283 2524 Gregorii,
327 2468 443 2525 apud
487 2467 756 2525 supradictos
807 2481 977 2524 quoque
1023 2467 1418 2532 pseudoepiscopos
1466 2483 1560 2512 esse

70 2530 219 2567 saneta
238 2524 476 2567 sacerdotia
494 2523 592 2578 Dei,
622 2524 739 2581 ipsos
772 2537 825 2565 ue
846 2537 939 2566 esse
969 2522 1210 2579 sp1rituales
1238 2530 1367 2582 atque
1397 2525 1440 2567 in
1466 2539 1560 2568 cae-

69 2576 247 2623 lestibus
272 2581 514 2623 conversari
540 2586 583 2623 et
606 2594 700 2623 esse
732 2579 757 2621 fi
778 2580 839 2622 'os
869 2578 966 2632 Dei,
997 2586 1188 2622 caeteros
1217 2588 1358 2623 autem
1388 2595 1559 2624 excom·

71 2635 310 2679 manicatos
346 2643 389 2679 et
430 2636 641 2679 hereticos
684 2643 811 2693 atque
850 2636 1116 2677 scismaticos
1155 2650 1274 2691 esse,
1312 2637 1559 2695 quicunque

71 2689 253 2735 subiecti
286 2698 386 2735 sunt
420 2691 492 2736 vel
520 2692 838 2735 communicant
866 2692 905 2734 ei
946 2691 1019 2748 qui
1054 2706 1140 2734 non
1170 2701 1235 2735 est
1263 2692 1307 2734 in
1336 2699 1457 2750 parte
1486 2691 1559 2735 ali·

73 2816 106 2854 ι)
126 2818 323 2847 ‹teoni-mut
344 2820 379 2853 ις
399 2819 468 2846 ιω
487 2819 593 2847 onena.
616 2819 735 2846 senam.

75 2930 111 2968 1)
137 2930 273 2966 Gela-ii
300 2933 404 2977 epist.
431 2942 495 2966 seu
525 2932 830 2966 commonitorium
855 2932 902 2966 ad
929 2931 1120 2974 Faustum3
1146 2932 1263 2966 Manui
1289 2932 1393 2974 vm,
1421 2944 1455 2977 p.
1477 2932 1533 2966 18.
