1878 3308
305 771 424 835 DE
473 771 599 835 UN
601 771 747 834 ITA
755 768 868 834 TE
916 769 1396 835 ECCLESIAE

509 873 1037 940 CONSERVAN
1044 876 1204 939 DA·.

730 1011 910 1055 LIBER
935 1013 971 1055 Ι.

218 1083 255 1126 1.
313 1080 451 1124 Nemo
488 1081 686 1124 ascendit
725 1081 776 1122 in
817 1080 996 1133 caelum,
1035 1080 1126 1122 nisi
1163 1081 1243 1136 qui
1281 1079 1500 1122 descendit
1545 1080 1596 1122 de
1610 1093 1783 1127 Ioh.s,1³.

100 1135 234 1191 molo,
265 1135 398 1202 filius
439 1137 643 1191 hominis,
687 1138 766 1192 qui
808 1143 868 1178 est
911 1139 961 1178 in
1005 1135 1133 1180 caelo.
1194 1135 1280 1178 Per
1316 1135 1421 1178 haec
1461 1137 1597 1179 sancti

2 1188 32 1235 ἶ.
104 1190 318 1249 euangelii
365 1192 498 1236 verba
546 1191 818 1235 commendat
860 1191 1075 1234 Dominus
1122 1193 1327 1234 unitatem
1377 1190 1597 1245 ecclesiae,

101 1259 215 1307 quae
249 1262 329 1305 por
362 1249 584 1292 caritatem
623 1247 889 1291 concordans
926 1247 1217 1290 membrorum
1246 1247 1407 1290 unitate
1437 1246 1598 1303 colligit

101 1318 151 1347 ae
186 1304 234 1347 in
270 1302 436 1347 caelum
473 1305 518 1346 in
554 1305 649 1361 ipso
681 1303 978 1360 Redemptore,
1047 1304 1089 1344 ui
1120 1310 1184 1345 est
1213 1309 1346 1368 caput
1374 1302 1594 1349 ecclesiae,

104 1358 181 1403 Sic
209 1360 325 1403 enim
352 1360 447 1417 ipse
476 1366 571 1403 orat
598 1360 653 1402 ad
683 1360 852 1402 Patrem
883 1373 961 1416 pro
1016 1318 1189 1400 1delibus
1219 1373 1318 1411 suls,
1358 1373 1465 1414 quos
1502 1373 1595 1415 pre-

102 1413 335 1460 destinavit
354 1415 587 1459 concordes
606 1415 699 1458 fore
729 1417 774 1458 in
794 1414 964 1457 vinculo
993 1415 1183 1457 caritatis
1212 1420 1255 1457 et
1283 1416 1425 1470 pacis:
1454 1415 1594 1472 Roqo,

102 1471 316 1530 inquiens,
352 1478 402 1514 ut
441 1487 584 1514 omnes
614 1487 752 1514 unum
781 1473 882 1524 sint,
912 1472 1022 1514 sicut
1050 1477 1097 1512 tu
1121 1476 1252 1527 pater
1279 1471 1329 1512 in
1358 1486 1422 1513 me
1452 1477 1490 1513 et
1518 1485 1594 1524 eqo

105 1529 155 1571 in
192 1534 244 1582 te,
281 1533 330 1571 ut
366 1538 403 1570 ee
431 1530 524 1584 ipsi
557 1529 603 1570 in
634 1528 759 1570 nobis
788 1542 925 1569 unum
955 1528 1058 1580 sint,
1088 1532 1127 1568 et
1156 1525 1341 1579 dilectio,
1374 1541 1462 1583 qua
1492 1516 1595 1569 dile-

102 1585 214 1628 xisti
247 1599 325 1638 me,
363 1585 413 1626 in
451 1585 565 1640 ipsis
603 1585 660 1626 sit
696 1590 733 1624 et
769 1598 846 1640 eqo
881 1584 931 1625 in
959 1584 1031 1625 iis.
1089 1581 1215 1624 Unde
1246 1588 1418 1624 sanctus
1447 1581 1596 1638 Augu-

102 1640 242 1684 stinus
274 1641 320 1683 in
353 1639 490 1697 ipsius
524 1639 735 1696 euangelii
767 1639 1080 1695 expositione¹:
1122 1646 1167 1680 In
1192 1658 1274 1689 uno,
1299 1637 1451 1694 inquit,
1480 1652 1595 1688 estote,

103 1715 217 1740 m
257 1708 381 1747 acore,
426 1717 520 1739 unua
563 1710 678 1740 caute.
762 1695 838 1737 Et:
891 1705 964 1739 Vae
1005 1705 1094 1746 illis,
1136 1701 1199 1745 qui
1239 1702 1388 1736 oderunt
1426 1702 1597 1735 unitatem

102 1754 279 1797 nodedu,
298 1760 541 1798 presummat
565 1754 604 1788 in
629 1754 828 1789 hominibus
848 1760 973 1798 partes
987 1754 1128 1798 facere.
1186 1746 1360 1789 Utinam
1386 1745 1598 1788 voluerint

1609 1462 1676 1490 1011.
1690 1463 1738 1496 u,
1749 1463 1795 1490 81.

1671 1502 1718 1529 26.

27 1832 30 1834 -
104 1796 189 1866 hoc
220 1798 451 1853 attendere,
486 1801 560 1856 qui
589 1807 732 1856 partes
766 1801 810 1842 in
844 1799 1089 1842 hominibus
1123 1801 1330 1854 fecerunt,
1363 1810 1410 1844 ut
1438 1802 1599 1844 faciunt

104 1854 349 1899 scindentes
379 1856 583 1898 unitatem
614 1854 833 1909 ecelesiae,
864 1854 989 1921 quale
1019 1854 1228 1911 flagitium
1260 1858 1471 1900 scismatis
1502 1871 1599 1899 eon-

105 1915 191 1955 εἴη
216 1911 395 1968 gravius
425 1925 519 1954 esse
549 1926 678 1968 quam
708 1910 846 1953 scelus
872 1910 1105 1965 1dolatriae,
1137 1914 1340 1969 quoniam
1372 1912 1527 1969 legitur
1555 1913 1598 1953 in

105 1960 253 2010 Veteri
273 1966 547 2010 Testamento
576 1966 775 2009 idolatria
793 1966 936 2022 gladio
967 1967 1118 2022 punita
1137 1983 1243 2019 esse,
1274 1969 1428 2010 scisma
1457 1975 1598 2010 autem
1613 1962 1812 2028 nnussgao

106 2021 227 2065 hiatu
255 2029 407 2065 terrae.
454 2022 730 2078 Quapropter
759 2022 1044 2065 necessarium
1075 2023 1279 2066 duximus
1309 2023 1497 2066 scribere
1527 2022 1598 2065 ali·
1748 2022 1754 2028 '

107 2091 194 2136 qua
213 2077 268 2122 de
287 2084 401 2121 statu
426 2076 551 2120 huius
572 2079 774 2134 temporis
804 2077 1023 2131 ecelesiae,
1054 2080 1166 2136 quia,
1198 2080 1392 2145 quisquis
1423 2079 1601 2122 senserit

108 2149 156 2178 se
192 2147 286 2177 asse
322 2134 435 2176 intra
471 2139 663 2176 materna
690 2134 855 2176 viscera
891 2134 1028 2190 ipsius
1067 2134 1285 2186 ecclesiae,
1320 2149 1405 2177 non
1446 2135 1602 2191 poterit

105 2190 161 2245 ci,
192 2188 364 2247 quando
393 2187 587 2243 doluerit,
618 2204 701 2232 non
732 2188 969 2235 condolere.
1027 2190 1118 2233 Diu
1154 2191 1267 2233 enim
1297 2197 1374 2244 est,
1413 2190 1527 2247 quod
1557 2192 1600 2232 in

107 2260 242 2303 regno
276 2246 460 2288 Romani
499 2246 668 2311 imperii
703 2244 814 2288 bella
850 2244 1009 2302 ubique
1057 2253 1099 2289 et
1134 2246 1363 2290 seditiones
1402 2253 1600 2302 aguntur,

108 2301 225 2360 quod
259 2300 338 2344 filii
373 2315 399 2343 a
441 2307 590 2344 matris
630 2300 836 2344 ecclesiae
872 2302 1035 2358 gremio
1072 2302 1378 2356 distrahuntur3
1423 2309 1466 2345 et
1502 2315 1600 2344 cum

107 2363 284 2416 superet
321 2358 365 2400 in
400 2356 595 2415 plurimis
634 2357 861 2410 discordia,
901 2358 975 2399 vix
1011 2358 1055 2399 in
1121 2360 1239 2401 aucis
1269 2358 1474 2401 remansit
1502 2371 1599 2400 con-

109 2413 270 2468 cordia,
337 2427 384 2456 er
420 2427 550 2479 quam
589 2413 737 2456 unitur
774 2420 816 2456 et
853 2414 1048 2456 consistit
1077 2374 1235 2458 &bristi
1264 2413 1459 2466 ccclesia,
1497 2428 1599 2471 quo·

109 2469 225 2512 niam
263 2470 308 2511 in
339 2483 364 2512 e
397 2469 598 2512 dicuntur
633 2470 847 2522 scismata,
889 2469 1004 2526 quod
1033 2470 1173 2512 divisa
1202 2477 1302 2513 sunt
1330 2469 1472 2523 eorda,
1502 2483 1598 2511 cum

111 2525 318 2582 scriptum
356 2525 424 2578 sit,
461 2524 576 2582 quod
605 2524 889 2568 multitudinis
918 2525 1181 2568 credentium
1213 2526 1338 2568 fuerit
1368 2540 1440 2568 cor
1468 2540 1599 2567 unum
1616 2540 1681 2567 Aet
1694 2541 1778 2573 ass.

112 2586 156 2624 et
183 2580 327 2623 anima
355 2595 452 2627 una,
514 2579 601 2623 Sed
630 2580 754 2623 huius
784 2580 1026 2624 discordiae
1062 2581 1196 2624 fomes
1226 2589 1268 2624 et
1295 2582 1599 2624 nutrimentum

114 2691 147 2727 ι)
167 2696 198 2720 ot
217 2693 393 2727 sehunna,
413 2695 495 2727 quod
516 2695 574 2721 {ult
594 2695 676 2721 inter
697 2694 863 2721 nauticum
885 2698 1039 2728 quartum,
1061 2696 1134 2728 imp.
1147 2694 1233 2721 Rom.
1257 2697 1287 2720 et
1309 2693 1492 2726 Gruter-{um
1514 2693 1604 2726 septi-

114 2739 198 2759 mum
219 2735 304 2766 pont·
317 2733 567 2760 numum-dam
589 2734 655 2760 ein·
676 2735 824 2767 tempori·
845 2734 981 2766 theolog!
1002 2734 1092 2767 libor,
1114 2734 1152 2760 ab
1174 2734 1310 2760 numne
1332 2734 1473 2759 inventu·
1495 2733 1603 2758 add-1.

117 2821 154 2862 1)
180 2820 369 2863 Augustini
404 2821 439 2852 in
466 2819 635 2854 Iohannis
662 2831 790 2865 euang.
826 2832 857 2855 e.
883 2822 918 2855 8.
953 2826 1094 2856 tractat.
1121 2822 1176 2862 12,
1216 2822 1335 2865 Opera
1367 2820 1423 2854 ed.
1458 2819 1603 2857 Bened„

115 2868 231 2911 Raris.
259 2866 363 2905 1680,
391 2868 462 2909 111,
489 2868 523 2910 2,
549 2880 584 2912 p.
612 2868 694 2902 887.

1279 2924 1292 2954 l
