1878 3308
88 470 131 498 cf.
152 468 261 495 Matth.

141 509 168 542 5,
187 509 233 536 19.

98 585 140 614 cf.
154 588 180 613 1.
194 585 260 612 Ioh.

151 626 180 659 3,
192 626 220 652 s.

56 881 97 908 ef.
112 880 183 908 Gal.
195 881 220 911 1,
234 880 260 906 8.

150 1500 260 1537 (xvn)

111 1584 259 1610 Proverb.

140 1625 187 1658 21,
196 1624 242 1650 30.

276 306 326 339 36
528 307 593 339 DE
620 306 831 340 UNITATE
859 307 1132 342 ECOLESIAE
1161 307 1529 342 CONSERVANDA.

278 421 364 476 ubi,
397 426 557 478 quanto
588 419 811 463 sublimior
839 421 1047 463 institutio
1078 426 1207 476 atque
1228 420 1434 473 doctrina,
1465 425 1584 462 tanto
1605 420 1779 476 gravior

276 478 446 520 exactio
477 484 605 534 atque
625 476 829 530 vindicta,
861 478 897 518 si
919 477 1014 533 quis
1046 475 1219 519 solverit
1247 475 1315 518 vel
1342 490 1474 517 unum
1505 475 1558 518 de
1588 476 1777 518 minimis

276 534 455 576 Domini
485 533 710 586 mandatis,
743 546 852 589 quae
884 533 1043 588 scripta
1073 539 1172 574 sunt
1200 533 1245 573 in
1274 531 1382 587 lege,
1414 546 1524 588 quae
1554 546 1634 574 nec
1662 531 1775 574 filius

276 590 361 632 Dei
390 591 507 631 venit
537 588 714 643 solvere,
745 588 823 630 sed
853 587 1101 644 adimplere,
1133 602 1345 644 apparens
1377 594 1490 630 certe
1527 602 1660 644 opera
1688 587 1776 630 dja-

278 645 364 688 boli
394 645 575 698 solvere,
606 659 716 702 quae
747 645 876 686 etiam
908 645 1120 686 concessit
1161 644 1405 686 sacerdotes
1439 644 1485 685 in
1514 644 1647 687 verbo
1677 644 1775 696 Dei,

275 703 319 743 in
363 702 522 744 virtute
559 701 643 743 Dei
684 700 862 746 solvere.
932 701 1053 742 Haec
1093 701 1272 743 obsecro
1318 699 1607 754 considerate,
1653 706 1695 741 et
1739 700 1776 742 si

276 757 452 814 angelus
497 758 624 799 etiam
670 756 723 799 de
761 756 878 799 caelo
920 756 1054 811 aliter,
1094 771 1224 813 quam
1263 755 1605 811 euangelizatum
1646 762 1712 798 est
1750 769 1777 797 a

275 815 387 866 Deo,
429 813 790 869 euangelizaverit
829 812 965 867 vobis,
1004 827 1090 854 non
1130 812 1348 866 attendite,
1388 812 1490 869 quia
1525 810 1622 854 talis
1655 812 1776 854 iuxta

275 884 300 911 a
335 869 560 911 ostolicam
603 868 718 911 beati
762 868 885 910 Pauli
929 869 1239 922 auctoritatem,
1290 883 1367 924 per
1417 883 1544 924 quem
1587 866 1777 925 loquitur

276 926 310 969 C
344 926 489 980 ristus,
520 932 730 981 perpetuo
761 924 1014 968 maledictus
1045 932 1110 968 est
1138 924 1422 967 anathemate.

390 982 454 1027 16,
500 982 616 1023 Ecce
646 982 773 1036 enim,
805 987 853 1022 ut
882 995 1011 1038 saepe
1043 981 1205 1023 dictum
1236 988 1344 1034 est1,
1374 995 1498 1022 omne
1529 980 1644 1036 quod
1674 980 1774 1022 irre-

304 1037 562 1080 rehensibile
607 1043 672 1079 est
723 1035 934 1079 catholica
971 1037 1152 1080 ecclesia
1193 1037 1432 1090 defendit²,
1477 1035 1660 1093 ideoque
1704 1035 1775 1078 vel

273 1053 529 1135 {achai-iam
570 1093 639 1135 vel
678 1092 945 1149 Stephanum
986 1093 1203 1135 Romanos
1244 1092 1468 1149 pontifices
1506 1106 1584 1149 pro
1622 1093 1774 1135 merito

273 1164 375 1192 suae
404 1150 625 1205 religionis
654 1156 696 1191 et
714 1150 922 1192 virtutum
944 1148 1148 1203 defendit,
1208 1163 1361 1191 uorum
1391 1154 1552 1199 neuter,
1583 1154 1631 1190 ut
1659 1154 1776 1191 certo

274 1206 446 1259 scimus,
470 1206 762 1262 Francigenas
786 1221 812 1247 a
834 1205 1071 1248 iuramento
1101 1164 1319 1248 fidelitatis
1350 1219 1466 1259 suae,
1497 1218 1626 1261 quam
1646 1202 1775 1246 alicui

275 1262 574 1319 promisissent
602 1261 706 1317 regi,
737 1260 935 1314 absolvit,
967 1262 1080 1303 sicut
1101 1261 1359 1304 Hildebrant
1388 1275 1504 1317 papa
1533 1261 1705 1316 scripsit
1734 1266 1775 1302 et

274 1318 552 1374 praedicavit,
592 1323 640 1359 ut
681 1317 755 1359 tali
794 1318 994 1374 exemplo
1035 1317 1335 1374 deciperentur
1377 1316 1514 1373 princi
1549 1331 1594 1358 es
1638 1317 1774 1372 regni,

276 1374 397 1430 quasi
439 1375 532 1430 ipse
568 1380 714 1430 posset
753 1372 975 1416 absolvere
1015 1388 1088 1416 eos
1125 1387 1152 1414 a
1191 1380 1458 1416 sacramento
1530 1372 1613 1426 dei,
1645 1386 1774 1429 quam

274 1431 519 1472 iuraverant
547 1430 638 1486 regi
669 1443 746 1471 suo
776 1430 821 1471 in
850 1430 1023 1471 nomine
1053 1430 1245 1482 Domini,
1283 1428 1509 1471 intendens
1547 1443 1646 1470 eum
1680 1442 1775 1484 per·

275 1479 374 1528 inde
404 1500 430 1527 a
460 1500 594 1541 regno
625 1485 789 1542 privari
817 1491 945 1542 atque
976 1486 1148 1542 deponi.
1210 1485 1337 1538 Quod
1368 1500 1466 1527 cum
1496 1499 1574 1541 per
1613 1484 1690 1526 hos
1723 1485 1776 1526 14

275 1548 350 1584 aut
379 1556 430 1584 eo
460 1541 646 1598 amplius
675 1556 812 1583 annos
842 1542 1087 1598 frequenter
1116 1548 1369 1597 temptatum
1400 1541 1467 1595 sit,
1497 1540 1554 1582 ad
1574 1540 1775 1582 effectum

275 1605 420 1640 tamen
449 1598 675 1654 pervenire
704 1612 791 1639 non
812 1599 965 1654 potuit,
996 1599 1212 1654 quoniam,
1243 1604 1291 1639 ut
1317 1597 1538 1639 Salomon⁸
1558 1597 1638 1638 ait:
1669 1597 1772 1638 Non

275 1661 335 1696 est
375 1655 611 1710 sapientia,
648 1668 736 1695 non
776 1659 838 1694 est
862 1653 1100 1709 fortitudo,
1139 1669 1228 1695 ‘non
1266 1659 1326 1695 est
1362 1653 1591 1695 consilium
1619 1658 1774 1694 contra

275 1711 527 1752 Dominum.
586 1709 704 1764 Ergo
747 1708 1024 1751 Hilderichus
1062 1723 1149 1751 non
1187 1725 1247 1762 re,
1285 1708 1360 1750 sed
1397 1707 1570 1750 nomine
1605 1714 1771 1750 tantum

273 1764 497 1821 regnabat,
529 1765 731 1821 quoniam
761 1764 879 1820 apud
898 1765 1083 1807 maiores
1104 1765 1256 1806 domus
1286 1771 1377 1807 tota
1405 1763 1630 1820 dispositio
1650 1765 1773 1820 regni

273 1828 317 1864 et
346 1827 434 1863 tota
462 1826 651 1876 potestas
682 1822 804 1876 regni
834 1827 936 1875 erat,
998 1821 1084 1862 uod
1112 1821 1173 1862 ita
1201 1821 1294 1863 fieri
1335 1820 1482 1862 divina
1511 1820 1773 1876 dispensatio
1838 1823 1840 1826 ’

273 1877 402 1933 longe
447 1883 546 1918 ante
592 1877 875 1919 ordinaverat.
991 1892 1059 1918 am
1096 1877 1343 1919 Lodovicus
1389 1877 1480 1918 sive
1518 1875 1772 1926 clodoveus,

274 1933 452 1989 gloriosi
490 1933 604 1988 regis
635 1932 892 1988 Dagoberti‘
911 1932 1038 1986 filius,
1079 1932 1198 1975 disco
1239 1933 1438 1989 operiens
1473 1931 1628 1988 corpus
1657 1931 1774 1975 beati

276 1989 478 2045 Dionysii
509 1990 722 2044 martyris,
758 1989 982 2031 brachium
1022 1989 1112 2030 eius
1154 1988 1295 2045 fregit,
1335 1989 1479 2030 statim
1509 1987 1772 2044 stupefactus

274 2046 318 2086 in
347 2045 580 2087 amentiam
609 2045 760 2086 incidit
790 2052 832 2087 et
861 2059 946 2086 non
967 2051 1063 2101 post
1083 2044 1265 2086 multum
1292 2045 1497 2100 temporis
1517 2045 1649 2087 vitam
1673 2059 1772 2086 cum

275 2115 407 2156 regno
437 2101 577 2142 finivit
589 2107 619 2143 ³.
662 2100 797 2143 Cuius
827 2102 1135 2158 praesumptio,
1168 2114 1254 2157 qua
1281 2101 1326 2142 in
1356 2107 1553 2143 sanctum
1573 2099 1677 2142 Dei>
1709 2114 1773 2143 ec-

274 2164 459 2211 caverat,
489 2158 534 2198 in
563 2164 758 2212 posteros
789 2171 961 2213 quoque
989 2157 1259 2211 redundavit,
1291 2157 1505 2213 quoniam,
1536 2157 1644 2199 sicut
1689 2157 1773 2212 egi-

275 2221 343 2256 tur
378 2213 423 2254 in
462 2211 605 2255 Gestis
647 2213 913 2255 Francorum
927 2219 957 2266 ⁴,
995 2213 1152 2256 exinde
1190 2212 1371 2255 diversis
1404 2218 1534 2268 atque
1563 2211 1774 2268 pestiferis

274 2268 448 2311 casibus
487 2283 667 2325 regnum
703 2269 968 2310 Francorum
1009 2269 1210 2311 concidit.
1269 2270 1504 2324 Postquam
1543 2268 1655 2310 enim
1686 2267 1772 2309 duo

273 2325 350 2366 filii
385 2325 477 2366 eius
517 2325 640 2380 regni
680 2339 960 2377 successores,
993 2324 1207 2367 Clotarius
1238 2323 1403 2366 scilicet
1430 2331 1559 2380 atque
1589 2323 1774 2365 Hilderi-

275 2379 394 2433 chus,
424 2381 467 2422 in
498 2382 720 2436 primaeva
749 2386 889 2423 aetate
919 2381 1152 2437 perierunt,
1191 2395 1302 2422 unus
1333 2380 1551 2421 communi
1581 2381 1771 2422 omnium

276 2443 411 2478 morte
450 2436 692 2490 defunctus,
730 2436 837 2480 alter
873 2443 1049 2492 propter
1084 2451 1251 2478 morum
1289 2436 1562 2478 insolentiam
1591 2437 1773 2489 occisus,

275 2491 572 2534 Theodoricus
621 2493 770 2535 tertius
825 2491 958 2534 frater
1005 2492 1152 2534 multis
1200 2491 1536 2535 adversitatibus
1585 2498 1628 2534 et
1674 2498 1772 2534 ante

274 2562 455 2602 regnum
487 2555 529 2589 et
557 2549 599 2589 in
630 2563 762 2604 regno
794 2554 859 2591 est
887 2547 1095 2603 afflictus3
1127 2548 1248 2590 cuius
1269 2548 1407 2590 maior
1435 2547 1603 2602 domus,
1633 2547 1677 2589 id
1709 2556 1772 2591 est

274 2603 474 2659 provisor
504 2603 665 2659 palatii,
702 2605 834 2646 immo
861 2603 1046 2648 <violator
1077 2604 1238 2662 palatii,
1269 2604 1412 2646 extitit
1441 2604 1615 2660 quidam
1636 2603 1772 2646 Ebro-

274 2659 400 2700 inusb
431 2666 641 2715 apostata,
682 2661 755 2716 qui
784 2661 895 2703 inter
924 2660 1008 2703 alia
1036 2660 1278 2718 tyrannidis
1307 2674 1408 2702 suae
1438 2667 1480 2701 et
1509 2659 1772 2703 crudelitatis

275 2713 466 2757 facinora
506 2720 701 2757 sanctum
738 2715 1052 2772 Leodegarium
1093 2719 1347 2773 episcopum
1391 2723 1432 2758 et
1470 2716 1643 2759 fratrem
1680 2717 1771 2758 eius

276 2809 306 2843 a)
329 2809 478 2836 Solomon
501 2812 527 2836 1.
648 2810 679 2843 b)
701 2811 855 2837 Ebronius
879 2814 906 2838 1.

278 2873 316 2917 1)
354 2874 408 2907 Of.
445 2885 475 2906 c.
505 2873 562 2906 13.
685 2873 722 2917 2)
758 2875 959 2908 Marcellini
994 2876 1147 2919 epistula
1181 2876 1232 2917 II,
1267 2885 1299 2909 c.
1325 2876 1360 2917 3,
1395 2877 1590 2910 Hinschius
1625 2889 1658 2921 p.
1687 2877 1770 2911 222.
1820 2871 1823 2874 ’

275 2921 316 2966 3)
344 2922 455 2956 Gesta
484 2922 683 2965 Dagoberti
708 2924 815 2965 regis,
851 2925 1016 2968 Bouquet
1043 2926 1091 2966 II,
1119 2925 1202 2958 596.
1302 2923 1342 2967 4)
1370 2924 1481 2959 Gesta
1506 2936 1630 2969 regum
1658 2926 1768 2959 Fran-

277 2981 409 3012 corum,
435 2972 600 3015 Bouquet
626 2971 676 3012 II,
705 2971 789 3004 569.
1780 2989 1783 2991 ·
