1878 3308
155 408 335 442 Ier.27,14.

196 449 243 475 1⁶.
258 448 306 474 1⁷.

137 755 338 789 ef.Dan-8‚82.

190 867 258 896 Gal.
272 867 337 902 1,8.

182 1071 220 1098 cf.
230 1071 339 1098 Matth.

223 1111 251 1145 5,
264 1111 311 1138 83.

213 1334 278 1361 Ioh.
292 1335 340 1368 10,

255 1375 283 1401 4.
294 1375 322 1400 5.

351 291 421 324 124
602 292 669 325 DE
695 291 904 325 UNITATE
931 290 1201 324 ECCLESIAE
1229 291 1597 326 CONSERVANDA.

351 410 498 446 tarum
519 404 754 446 dicentium
774 403 919 445 vobis:
950 403 1068 445 ‘Non
1098 403 1290 445 servietis
1318 404 1416 460 reyi
1435 403 1705 460 Babylonis',
1735 405 1841 460 quia

351 460 627 502 mendacium
665 460 757 515 ipsi
799 458 1038 516 loquuntur
1075 458 1210 512 vobis,
1249 460 1357 515 quia
1392 474 1482 502 non
1517 460 1620 502 misi
1655 474 1739 513 eos,
1781 461 1845 502 ait

351 516 584 570 Dominus,
614 522 652 558 et
680 516 772 571 ipsi
794 516 1065 572 prophetant
1093 516 1141 556 in
1166 516 1339 557 nomine
1367 530 1458 558 meo
1485 516 1766 570 mendaciter,
1796 522 1844 558 ut

352 574 515 615 eiciant
542 587 632 626 vos,
669 578 707 614 et
769 573 925 614 ereatis
961 577 1049 613 tam
1078 585 1152 613 vos
1183 586 1313 627 quam
1337 586 1424 626 pro
1459 571 1592 624 hetae,
1623 573 1700 628 qui
1728 587 1843 614 men—

350 630 525 672 tiuntur
552 628 686 671 vobis.
783 628 879 670 olite
908 643 1009 684 erqo
1041 628 1198 669 audire
1228 642 1311 680 eos,
1341 627 1401 669 ait
1475 627 1655 681 ominus,
1685 634 1723 670 et
1756 643 1842 670 ser-

351 686 434 728 vite
463 685 561 741 φερέ
580 684 838 741 Babylonis.
883 683 982 726 Hoc
1012 690 1076 726 est
1105 682 1355 725 mandatum
1375 683 1554 726 Domini
1583 697 1715 740 super
1741 699 1844 740 rege

353 740 524 784 ethnico
569 746 612 783 et
653 740 872 796 pessimo³
916 739 1028 782 ultra
1072 754 1241 782 omnem
1286 745 1458 792 terram,
1502 745 1662 796 quanto
1704 742 1844 796 magis

353 811 482 853 super
524 811 624 852 rege
669 796 898 838 christiano
943 803 985 839 et
1023 796 1246 838 catholico.
1305 795 1394 838 Sed
1436 795 1535 838 licet
1572 811 1666 850 nos,
1705 797 1846 853 inquit

352 852 585 910 apostolus,
626 859 702 894 aut
741 853 926 910 angelus
965 853 1017 895 de
1056 852 1173 894 caelo
1211 851 1477 909 euangelizet
1505 851 1624 895 vobis
1686 858 1844 894 raeter-

353 925 484 966 quam
513 910 629 966 quod
649 909 995 965 euanyelizatum
1014 915 1075 951 est
1103 909 1236 962 vobis,
1266 909 1495 950 anathema
1515 909 1583 950 sit.
1667 923 1699 950 x
1718 907 1844 950 huius

353 965 634 1008 anathematis
655 964 825 1007 vinculo
845 964 986 1006 nullus
1015 972 1128 1007 certe
1157 963 1266 1007 liber
1294 964 1453 1018 existit,
1486 964 1680 1021 quisquis
1700 979 1746 1007 re
1780 964 1845 1006 'ae

351 1022 554 1079 potestati
582 1021 740 1064 resistit
768 1020 836 1064 vel
865 1020 1060 1074 detrahit,
1097 1027 1139 1064 et
1168 1021 1364 1077 quisquis
1392 1020 1677 1063 iuramentum
1708 1035 1754 1063 so
1771 1021 1846 1074 vit,

353 1078 468 1136 quod
496 1078 686 1120 Domino
727 1091 804 1119 suo
841 1077 1108 1120 reddendum
1149 1077 1346 1120 Salvator
1383 1077 1428 1119 in
1467 1077 1690 1133 euangelio
1723 1091 1846 1134 prae-

353 1134 478 1190 cipit3
508 1148 559 1176 ac
588 1133 780 1190 perinde,
811 1134 922 1176 sicut
951 1139 1122 1175 sanctus
1151 1133 1265 1176 Leo¹
1298 1148 1412 1190 papa
1441 1131 1610 1176 scribit:
1654 1142 1697 1177 Si
1727 1154 1846 1177 omnes

353 1199 386 1229 et
418 1195 614 1228 sacerdotes
647 1198 678 1228 et
711 1193 866 1228 mundus
902 1194 1119 1227 assentiatur
1151 1194 1342 1236 damnatis,
1377 1193 1560 1227 damnatio
1593 1191 1845 1227 consentientes

352 1248 510 1291 involvit,
527 1261 599 1283 non
611 1248 957 1293 praevaricationem
975 1260 1162 1283 consensus
1182 1250 1341 1283 absolvit.
1384 1238 1610 1296 Greyorio,
1630 1238 1845 1295 inquiunt,

355 1296 429 1337 cui
457 1295 572 1337 orbis
603 1301 820 1337 terrarum
848 1296 1190 1348 communicavit,
1220 1295 1507 1337 obedientiam
1537 1294 1849 1337 contumaciter

355 1352 732 1394 renuntiaverunt.
777 1350 885 1393 Sed:
924 1351 1031 1392 Oves
1051 1366 1183 1404 meae,
1213 1351 1273 1393 ait
1293 1350 1519 1405 Dominus,
1548 1356 1688 1393 vocem
1707 1365 1845 1392 meam

356 1408 553 1460 audient,
583 1407 774 1450 alienum
796 1407 964 1449 autemb
995 1422 1082 1449 non
1103 1413 1354 1463 sequuntur,
1385 1408 1493 1463 quia
1522 1422 1611 1450 non
1631 1411 1846 1449 noverunt

354 1479 496 1506 vocem
529 1463 786 1506 alienorum.
820 1489 873 1495 ——
903 1463 962 1504 Et
1000 1478 1044 1506 se
1082 1464 1135 1506 ab
1173 1464 1351 1516 unitate,
1388 1463 1602 1519 inquiunt,
1643 1463 1845 1518 corporis

357 1519 533 1573 Christi,
564 1521 679 1576 quod
709 1526 769 1561 est
797 1519 976 1562 ecclesia
999 1534 1084 1575 per
1105 1520 1243 1562 orbem
1267 1526 1482 1562 terrarum
1511 1518 1692 1576 diffusa,
1722 1533 1846 1575 sepa-

353 1583 578 1618 raverunt.
609 1576 736 1629 Ecce,
753 1574 968 1632 quomodo
984 1576 1162 1618 mentita
1177 1582 1242 1618 est
1260 1575 1465 1632 iniquitas
1481 1575 1577 1629 sibi,
1593 1589 1703 1632 quae
1718 1574 1845 1631 profi-

352 1638 467 1674 tetur
495 1633 540 1672 in
566 1632 736 1689 scriptis
756 1632 844 1674 suis
866 1631 1094 1674 defendere
1115 1633 1181 1673 sui
1202 1637 1370 1688 partem
1393 1630 1607 1688 Gregorii,
1637 1630 1711 1687 qui
1731 1635 1846 1672 certe

353 1702 439 1729 non
461 1688 647 1744 praefuit
667 1687 884 1741 ecclesiae,
916 1688 992 1730 sed
1020 1688 1134 1744 parti
1164 1702 1278 1742 suae,
1307 1689 1527 1744 quoniam,
1547 1687 1621 1744 qui
1652 1701 1697 1729 es
1716 1685 1844 1728 bene-

354 1744 493 1786 dictus
505 1744 625 1786 Deus
646 1745 691 1786 in
712 1743 894 1797 saecula,
915 1750 956 1786 te
972 1758 1051 1800 per
1065 1743 1210 1786 orbem
1227 1749 1435 1785 terrarum
1452 1750 1600 1785 sancta
1622 1742 1847 1785 confitetur

355 1800 549 1842 ecclesia.
589 1799 657 1842 Illi
682 1800 842 1857 quippe
864 1801 1060 1842 exierunt
1079 1814 1104 1841 a
1123 1799 1261 1854 nobis,
1286 1814 1372 1841 non
1388 1814 1466 1841 nos
1495 1814 1550 1842 ex
1573 1799 1690 1855 ipsis.
1713 1824 1763 1830 —-
1786 1799 1852 1841 Et·

362 1857 637 1914 Wiqbertum,
656 1873 684 1898 a
699 1857 796 1899 sede
813 1856 1055 1912 apostolica
1069 1858 1118 1898 in
1135 1857 1314 1912 synodis
1325 1856 1490 1898 Romae
1505 1857 1728 1911 septennio
1746 1855 1845 1897 cele-

353 1914 491 1955 bratis
507 1914 938 1966 excommunicatum,
955 1913 1040 1954 sibi
1046 1927 1220 1968 papam
1235 1912 1467 1968 eleyerunt.
1490 1911 1736 1968 Loquentes
1752 1911 1843 1968 qui-

354 1966 454 2012 dem'
473 1967 773 2026 blasphemias,
791 1967 1105 2011 barbarismum
1126 1968 1331 2020 fecerunt,
1353 1969 1425 2025 qui
1450 1968 1671 2024 septennio
1691 1967 1844 2010 vitiose

332 2025 568 2078 ·dixerunt,
590 2025 664 2081 qui
684 2040 710 2067 a
731 2026 920 2076 caritate,
944 2039 1054 2081 quae
1073 2024 1122 2066 fit
1141 2024 1194 2067 de
1222 2025 1350 2067 corde
1378 2039 1488 2081 puro
1518 2030 1560 2066 et
1581 2023 1845 2066 conscientia

352 2081 466 2124 bona
486 2089 529 2124 et
547 2081 632 2123 fide
651 2096 737 2123 non
751 2082 864 2134 fieta,
881 2081 1140 2135 aberrantes,
1156 2081 1349 2122 conversi
1366 2087 1464 2123 sunt
1479 2081 1523 2122 in
1539 2079 1843 2138 vaniloquium,

353 2137 544 2181 volentes
589 2153 681 2180 esse
718 2137 756 2179 le
789 2138 825 2180 is
863 2137 1071 2191 doctores,
1111 2152 1196 2179 non
1234 2136 1519 2194 intelligentes
1556 2151 1696 2194 neque
1733 2151 1844 2193 quae

352 2193 586 2251 loquuntur
599 2209 737 2251 neque
755 2153 809 2236 de
827 2194 982 2250 quibus
1002 2193 1230 2236 affirmant.
1262 2193 1383 2236 Sicut
1399 2194 1511 2236 enim
1533 2207 1662 2250 saepe
1682 2191 1843 2235 dictum

353 2256 429 2304 est,
467 2265 554 2292 non
592 2249 691 2292 licet
733 2249 863 2291 alicui
901 2249 1091 2292 iudicare
1131 2249 1185 2292 de
1221 2249 1380 2291 iudicio
1420 2248 1534 2291 sedis
1567 2247 1843 2305 apostolicae,

354 2321 463 2364 quae
501 2306 632 2349 habet
667 2305 911 2348 facultatem
951 2306 1042 2348 sine
1079 2304 1165 2347 ulla
1205 2305 1369 2362 synodo
1408 2305 1689 2362 praecedente
1728 2303 1843 2346 exol-

352 2362 482 2404 vendi
521 2377 628 2419 quos
668 2362 857 2418 synodus
893 2362 1043 2418 iniqua
1081 2361 1372 2414 damnaverat,
1402 2368 1445 2404 et
1473 2360 1704 2403 damnandi
1734 2375 1842 2426 quos

354 2433 378 2461 o
415 2420 556 2472 ortuit,
585 2417 703 2460 nulla
733 2417 897 2474 synodo
928 2418 1151 2461 existente.
1212 2417 1448 2472 Gregorius
1478 2416 1653 2473 quippe,
1692 2431 1767 2472 qul
1801 2422 1843 2458 et

351 2433 625 2526 Hpildebrant,
656 2489 742 2516 non
771 2474 956 2530 praefuit
985 2472 1203 2526 ecclesiae,
1234 2472 1309 2515 sed
1337 2473 1450 2530 parti
1480 2487 1596 2514 suae.
1639 2471 1842 2529 Ideoque,

353 2531 465 2573 sicut
493 2531 554 2572 ait
575 2529 773 2572 Gelasius
802 2543 917 2586 papa
929 2536 960 2580 ²,
990 2551 1082 2584 quae
1101 2539 1322 2583 privileqio⁰
1348 2539 1560 2572 universalis
1581 2539 1746 2572 ecclesiae
1764 2550 1844 2573 con-

354 2595 474 2630 traria
493 2597 706 2640 probantur,
732 2596 834 2629 nulla
857 2594 996 2629 ratione
1021 2594 1225 2628 subsistunt.
1245 2613 1289 2619 -—
1306 2584 1364 2625 Et
1392 2584 1606 2640 eligentes,
1633 2583 1842 2640 inquiunt,

356 2642 442 2684 sibi
474 2656 646 2697 papam
684 2641 943 2697 Wiqbertum
981 2641 1111 2696 quasi
1145 2640 1381 2682 dixerunt:
1421 2641 1599 2683 ‘Recede
1635 2655 1663 2680 a
1703 2640 1842 2694 nobis,

357 2699 582 2740 scientiam
611 2699 785 2740 viarum
815 2703 991 2738 tuarum
1030 2696 1256 2738 nolumus'.
1314 2695 1434 2752 Ergo
1476 2696 1549 2753 qui
1577 2696 1691 2738 viam
1721 2696 1841 2752 pacis

351 2805 381 2841 a)
413 2815 468 2833 om.
490 2808 527 2839 1,·
556 2814 570 2832 e
589 2807 707 2839 vulgata
728 2806 843 2838 addidi;
865 2808 934 2838 post
965 2807 1078 2831 terram
1107 2805 1228 2832 inseruit
1258 2806 1354 2839 impio
1387 2805 1515 2833 Golden.
1601 2804 1635 2838 b)
1664 2812 1694 2832 n.
1717 2812 1740 2831 s.
1762 2812 1793 2832 n.
1813 2805 1840 2831 1.

352 2845 380 2880 e)
401 2847 575 2879 privilegiis
597 2846 655 2872 θεῖ.
1833 2851 1836 2854 ’

355 2935 391 2976 1)
420 2934 474 2968 ef.
499 2946 534 2979 p.
562 2935 620 2968 64.
721 2934 758 2977 2)
784 2933 887 2967 Thiel
912 2945 946 2978 p.
976 2933 1058 2967 559.
