1878 3308
290 236 364 270 XII
903 235 994 267 PRA
999 234 1187 268 EFATIO.

290 351 443 407 qratia
472 349 539 391 uti
567 348 800 400 videretur,
829 361 874 389 se
904 345 1143 388 electionem
1174 346 1345 403 quidem
1353 346 1531 403 factam
1551 349 1787 404 iqnoscere,

290 406 366 449 sed
394 406 569 448 irritam
599 419 642 445 se
659 403 767 459 fore
797 418 978 446 censere.
1030 401 1238 455 Cicenses,
1264 403 1342 445 hoc
1362 418 1569 458 responso
1599 405 1786 460 impera-

290 462 398 505 toris
469 461 695 514 erturbati,
730 466 873 502 tamen
902 473 991 501 non
1021 458 1278 500 destiterunt
1305 459 1490 515 incepto,
1519 460 1595 502 sed
1623 461 1728 502 inde
1759 476 1787 502 a

291 519 359 561 30.
389 477 502 560 ngv.
539 532 675 573 usque
715 516 828 558 diem
867 521 958 556 nat.
993 513 1155 556 Christi
1190 529 1275 569 pro
1305 514 1429 558 electo
1448 514 1642 569 fideliter
1669 515 1786 558 labo—

291 574 455 616 rabant
462 588 477 627 ;
510 579 638 630 atque
659 587 705 614 re
739 574 777 614 is
797 571 1053 614 sententiam
1072 571 1401 625 importunitate
1430 586 1516 613 sua
1534 577 1785 626 mutassent,
1807 607 1809 609 .

291 632 382 673 nisi
410 630 554 672 eodem
585 630 656 671 die
683 587 802 684 sisto
833 627 968 684 leqati
995 627 1251 668 monasterii
1278 626 1606 670 Hersveldensis
1642 629 1783 670 venis-

291 693 385 729 sent
404 692 442 728 et
462 686 751 738 nuntiassent,
773 683 967 726 abbatem
988 683 1254 739 Hartviyum
1276 682 1433 725 obiisse
1451 691 1480 728 ¹.
1514 683 1612 726 Rex
1633 685 1785 740 iyitur,

293 743 375 784 hac
415 742 592 784 honesta
628 742 852 783 occasione
883 745 1075 794 accepta,
1116 738 1315 781 omnibus
1354 739 1522 781 viribus
1554 740 1787 794 contendit,

293 805 340 840 ut
361 798 551 840 abbatem
571 797 845 839 Fridericum
857 795 1117 853 praeficeret
1135 793 1204 837 illi
1223 797 1500 838 monasterio.
1533 795 1616 838 Cui
1635 795 1786 838 volun-

292 854 685 910 tati-imperatoris
713 853 912 908 denique,
943 853 1144 908 quamvis
1172 852 1353 903 invitus,
1383 851 1639 894 Fridericus
1669 851 1785 894 obse-

292 917 418 952 cutus
465 916 544 963 est,
589 916 627 952 et
664 912 704 951 4.
744 909 862 950 Non.
899 908 1022 950 Febr.
1064 907 1346 949 Hersveldiae
1393 908 1446 949 ab
1488 907 1638 950 abbate
1688 906 1788 949 Fal-

292 967 419 1010 densi
460 967 736 1008 introductus
766 972 827 1007 est
840 971 869 1006 ².
932 964 1185 1020 Repudiato
1213 964 1353 1020 iyitur
1390 963 1630 1017 Friderico,
1656 965 1789 1020 impe-

291 1029 417 1065 rator
455 1022 737 1065 Waltramum
769 1021 895 1077 eleyit
924 1022 1068 1076 episco
1105 1035 1190 1073 um,
1229 1021 1307 1075 qui
1335 1025 1615 1064 consecratus
1643 1026 1706 1061 est
1734 1019 1788 1062 ab

293 1080 512 1135 Hartviyo
559 1078 886 1133 archiepiscopo
929 1035 1302 1132 Maydgburyensi
1314 1081 1343 1117 ³.
1415 1075 1518 1119 Cum
1564 1075 1788 1118 Henricus

291 1137 532 1191 imperator
569 1134 609 1176 4.
644 1134 752 1175 Idus
784 1130 927 1188 April.
970 1133 1082 1173 anni
1124 1132 1245 1174 1090.
1286 1131 1478 1174 Veronae
1523 1138 1649 1184 esset,
1697 1147 1788 1184 nec,

293 1194 398 1247 quin
437 1191 551 1233 illud
584 1191 667 1232 iter
700 1189 956 1231 Fridericus
996 1189 1207 1231 Veronam
1241 1191 1488 1244 susceperit,
1518 1189 1567 1230 in
1607 1187 1788 1230 dubium

291 1249 446 1290 vocari
469 1247 624 1302 possit,
655 1246 857 1302 efficitur,
888 1251 936 1286 ut
955 1245 1211 1287 Fridericus
1241 1245 1300 1286 ad
1320 1243 1622 1300 yubernacula
1642 1258 1788 1286 coeno-

293 1303 356 1345 bii
404 1302 733 1344 Hersveldensis
789 1302 1016 1343 accesserit
1070 1302 1109 1342 4.
1153 1300 1273 1342 Non.
1323 1299 1448 1341 Febr.
1505 1300 1617 1342 anni
1666 1299 1788 1342 1091.

292 1359 431 1415 Atqui
468 1359 736 1411 Fridericus,
765 1373 929 1399 summo
959 1356 1105 1398 studio
1142 1370 1324 1398 causam
1356 1370 1508 1411 papae
1547 1354 1788 1411 ampleoeus,

291 1417 384 1457 eius
423 1415 738 1457 dominationis
783 1415 1022 1456 acerrimus
1063 1413 1227 1454 vindeoe
1263 1413 1436 1454 exstitit.
1494 1410 1587 1453 Nec
1629 1413 1789 1454 mirum

292 1478 366 1525 est,
412 1472 529 1528 quod
565 1472 808 1526 imperator
842 1469 995 1523 noluit,
1036 1469 1294 1524 episcopatu
1334 1467 1536 1510 ecclesiae
1564 1467 1788 1510 Numbur-

294 1529 443 1584 yensis
473 1543 567 1569 eum
583 1526 743 1583 funqi,
775 1527 900 1568 cuius
922 1525 1167 1567 avunculus
1194 1525 1339 1566 socius
1346 1524 1515 1578 suisset
1542 1523 1668 1565 illius
1689 1538 1784 1566 con-

291 1584 546 1635 iurationis,
587 1584 713 1624 cuius
751 1582 1035 1624 Lambertus⁴
1071 1581 1328 1622 mentionem
1352 1578 1490 1635 facit,
1521 1585 1561 1620 et
1589 1579 1667 1634 qui
1694 1581 1714 1621 i
1746 1594 1790 1622 se

293 1639 514 1681 abbatiam
531 1637 577 1680 S.
596 1637 778 1694 Georyii
797 1653 818 1679 e
837 1637 1042 1679 manibus
1058 1635 1237 1689 Rudolfi
1256 1636 1373 1690 reyis
1396 1636 1642 1690 accepisset.
1723 1636 1790 1677 ui-

293 1695 371 1736 bus
408 1695 607 1737 omnibus
648 1694 936 1735 consideratis
966 1693 1197 1748 quisquam
1220 1691 1412 1747 putabit,
1446 1691 1699 1747 apoloqiam
1736 1692 1788 1733 de

293 1752 461 1792 unitate
477 1750 680 1793 ecclesiae
697 1749 1002 1791 conservanda
1021 1750 1070 1790 in
1088 1748 1231 1789 eodem
1252 1747 1467 1799 coenobio,
1488 1762 1616 1789 cuius
1635 1747 1788 1803 guber·
1853 1789 1855 1791 .

293 1807 459 1849 nacula
499 1808 622 1849 homo
664 1821 825 1848 causae
856 1805 1064 1861 Greqorii
1103 1804 1194 1846 VII.
1231 1818 1385 1859 papae
1413 1809 1497 1845 toto
1529 1804 1677 1845 animo
1708 1803 1787 1844 ad-

293 1864 436 1905 dictus
456 1869 628 1915 teneret,
658 1863 868 1918 scriptam
897 1868 935 1902 et
966 1860 1042 1902 sub
1067 1859 1204 1902 oculis
1224 1860 1318 1901 eius
1341 1861 1473 1901 annis
1496 1859 1658 1902 1090-
1668 1857 1789 1900 1093.

285 1919 528 1975 perfectam
566 1918 681 1960 esse?
743 1918 860 1960 Certe
896 1932 1030 1959 nemo.
1088 1916 1210 1972 Eryo
1247 1916 1424 1971 reliquit
1460 1917 1650 1970 scriptor
1686 1914 1791 1957 libri

294 1976 436 2017 nostri
479 1974 784 2017 Hersveldiam
834 1980 873 2016 et
917 1989 959 2015 se
997 1971 1178 2014 contulit
1220 1972 1271 2013 in
1316 1971 1452 2013 aliam
1490 1977 1665 2013 terram.
1731 1971 1790 2012 Et

293 2033 344 2073 in
375 2031 623 2074 Saxoniam
654 2031 827 2087 quidem
861 2045 904 2071 se
933 2028 1126 2071 contulit.
1187 2028 1306 2070 Nam
1330 2043 1427 2069 cum
1461 2028 1652 2083 scriptor
1685 2026 1790 2069 inde

296 2103 322 2129 a
360 2087 389 2129 l.
421 2087 480 2140 II,
519 2104 554 2129 c.
588 2087 653 2128 15.
689 2088 838 2128 minus
875 2087 923 2127 in
963 2084 1216 2140 refutandis
1252 2084 1394 2125 verbis
1433 2083 1790 2125 adversariorum

295 2158 427 2199 quam
465 2145 514 2185 in
562 2148 766 2185 accurate
801 2141 1033 2183 tradendis
1063 2147 1102 2181 et
1130 2140 1427 2196 depinyendis
1454 2140 1513 2180 iis
1540 2139 1669 2181 rebus
1698 2152 1790 2180 ver-

295 2205 425 2252 setur,
467 2214 576 2255 quae
615 2205 760 2255 qestae
797 2203 899 2239 sunt
940 2197 994 2238 ab
1025 2197 1243 2252 episcopis
1274 2196 1493 2251 Hartviyo
1524 2195 1602 2236 Ma
1635 2194 1788 2236 debur-

294 2257 421 2311 9ensi
457 2261 496 2297 et
529 2254 766 2296 Burcardo
805 2253 1168 2294 Halberstadensi
1211 2258 1250 2293 et
1291 2251 1543 2293 marchione
1585 2210 1788 2306 girberto,

296 2312 374 2367 qui
403 2326 546 2353 omnes
575 2316 726 2365 partes
756 2308 965 2365 Greqorii
1005 2307 1096 2350 VII.
1128 2323 1170 2348 se
1202 2307 1430 2359 uebantur,
1459 2312 1497 2348 et
1528 2322 1624 2347 cum
1652 2304 1789 2347 multa

296 2368 626 2408 accuratissime
648 2365 874 2418 describat,
905 2379 1001 2406 eum
1023 2363 1144 2405 haud
1183 2378 1291 2419 onqe
1323 2361 1490 2417 afuisse
1516 2362 1569 2403 ab
1590 2377 1644 2403 ea
1658 2367 1789 2416 parte

297 2422 577 2474 Germaniae,
607 2423 657 2463 in
687 2437 775 2478 qua
806 2421 910 2462 haec
927 2419 1063 2475 facta
1093 2425 1207 2471 sunt,
1238 2419 1490 2473 opinamur.

413 2476 534 2526 Quae
571 2493 667 2519 cum
704 2478 770 2519 ita
805 2478 906 2530 sint,
940 2482 1084 2517 tamen
1113 2476 1153 2517 si
1181 2475 1286 2516 inde
1315 2474 1595 2530 efficeremus,
1625 2473 1787 2528 episco-

287 2549 400 2590 pum
426 2533 712 2575 Waltramum
731 2532 1106 2587 Numburqensem
1137 2530 1389 2586 apoloyiam
1417 2530 1660 2584 scripsisse,
1684 2542 1789 2584 pro-

283 2590 406 2645 fecto
435 2595 586 2631 temere
615 2589 666 2632 id
694 2587 1005 2644 colligeremus.
1055 2586 1144 2629 Sed
1175 2586 1388 2628 accedunt
1415 2584 1654 2628 nonnullae
1685 2599 1789 2626 cau-

298 2661 384 2699 sae,
425 2645 581 2701 quibus
619 2645 787 2686 adduci
817 2658 1069 2699 possumus,
1112 2649 1160 2684 ut
1206 2641 1492 2684 Waltramum
1536 2639 1790 2697 apoloqiam

300 2728 338 2773 1)
364 2730 444 2763 Non
468 2728 655 2772 intellego,
682 2728 767 2772 quid
791 2729 902 2761 verba
928 2728 968 2760 P.
989 2727 1130 2761 Ewaldi
1156 2726 1304 2770 (Sybels
1330 2726 1377 2759 H.
1405 2727 1443 2758 Ζ.
1464 2726 1523 2759 34.
1548 2737 1584 2769 p.
1606 2723 1694 2766 415)
1721 2724 1791 2758 sibi

296 2778 422 2818 velint,
450 2779 510 2821 qui
536 2782 649 2822 putat,
675 2778 883 2821 scriptorem
911 2776 1101 2820 apologiae
1134 2776 1300 2809 abbatem
1330 2774 1631 2808 Hersveldensem
1666 2773 1789 2806 fuisse.

299 2828 338 2872 2)
359 2827 412 2861 Cf.
429 2827 559 2861 Chron.
574 2827 703 2860 Gosec.
723 2827 788 2860 SS.
807 2827 849 2867 X,
865 2837 899 2869 p.
920 2826 1001 2858 149.
1069 2824 1108 2867 3)
1129 2825 1241 2858 Gesta
1259 2824 1442 2868 archiepp.
1457 2823 1592 2865 Magd.‚
1611 2822 1676 2856 SS.
1689 2821 1788 2860 XIV,

297 2888 334 2921 p.
353 2876 443 2917 4053
471 2876 560 2909 Paul
587 2876 725 2918 Lange,
753 2876 882 2909 Chron.
909 2875 1103 2917 Numburg.
1130 2885 1164 2917 p.
1184 2873 1268 2907 345.
1368 2874 1406 2915 4)
1434 2872 1498 2907 SS.
1522 2872 1566 2912 V,
1593 2883 1630 2915 p.
1658 2869 1739 2903 196.
