1878 3308
308 320 376 353 100
551 321 618 354 DE
644 320 855 354 UNITATE
882 319 1156 354 ECCLESIAE
1183 319 1554 356 CONSERVANDA.

301 438 448 473 incwrsu
485 448 558 471 non
589 441 705 480 potest
743 436 883 471 animus
921 437 961 470 in
992 436 1184 480 prostratis
1212 436 1407 480 fratribus,
1450 442 1483 472 et
1518 449 1573 473 me
1603 438 1804 482 prostravit

304 494 459 538 affectus.
512 482 570 525 Et
597 481 711 524 unde
737 481 949 524 eiusmodi
970 481 1102 524 eladis
1132 487 1366 547 tempestas
1395 483 1628 548 emerserit,
1657 483 1802 526 statim

304 537 606 606 subiungendo
626 538 823 584 ostendit.
859 548 1042 582 Habenda
1062 553 1179 582 tamen
1200 552 1262 590 est,
1287 538 1468 595 inquit1,
1488 550 1629 594 fratrea
1649 549 1799 584 dilectis-

304 598 395 641 simi,
419 598 512 632 ratio
531 598 702 641 veritatis,
727 610 790 633 nec
807 597 858 632 sic
873 602 1021 631 mentem
1041 597 1140 630 debet
1166 601 1198 630 et
1215 608 1356 631 sensum
1368 598 1624 642 persecutionis
1649 598 1810 644 infestae-

305 648 488 682 tenebrosa
526 648 638 692 caligo
675 658 846 688 caecasse,
882 651 921 679 ut
951 646 1044 680 nihil
1073 646 1282 680 remanserit
1316 647 1405 681 lucis
1439 659 1483 681 ac
1517 647 1671 691 luminis,
1703 648 1800 682 unde

304 696 430 731 divina
448 701 645 740 praecepta
662 695 822 740 perspici
841 694 991 739 possint.
1030 693 1072 728 Si
1089 695 1201 729 cladis
1222 707 1334 730 causa
1351 694 1581 740 cognoscitur,
1606 701 1640 730 et
1663 697 1808 738 medela·

304 744 462 779 vulneris
487 745 678 780 invenitur.
725 744 900 779 Dominus
922 743 1074 787 proban-i
1088 743 1276 787 familiam
1301 756 1404 778 suam
1428 744 1550 787 voluit,
1577 750 1608 779 et
1632 745 1800 789 quoniam

304 794 475 828 traditam
491 794 591 828 nobis
609 794 781 828 divinitus
799 793 1026 836 disciplinam
1045 804 1125 836 pax
1143 793 1248 837 lonqa
1274 797 1492 837 corruperat,
1512 793 1682 828 iacentem
1688 793 1800 838 fidem

305 849 338 877 et
355 855 471 886 prope
496 843 648 878 dixerim
673 842 901 877 dormientem
927 853 1078 876 censura
1103 841 1261 876 caelestis
1287 842 1408 884 eremit,
1435 845 1607 887 cumque⁸
1631 853 1696 876 nos
1715 853 1800 887 pec·

306 892 394 926 catis
430 892 560 926 nostris
599 892 753 935 amplius
790 902 1012 932 mereremwr,
1051 890 1337 924 clementissimus
1370 891 1546 925 Dominus
1583 891 1634 925 sic
1671 895 1800 926 cuncta

304 941 507 975 moderatus
541 946 602 983 est,
637 946 676 974 ut
707 941 771 974 hoc
803 951 902 974 omne
935 939 1031 983 quod
1063 944 1198 984 9estum
1231 943 1280 973 est
1314 940 1512 984 exploratio
1540 940 1663 984 potius
1693 951 1801 984 quam

299 989 499 1034 persecutio
537 990 728 1024 videretur.
779 988 979 1024 Studebant
1017 989 1180 1032 auqendo
1213 990 1430 1032 patrimonio
1468 988 1601 1033 singuli
1637 994 1670 1024 et
1702 988 1802 1023 obliti

305 1039 394 1084 quid
427 1040 605 1073 credentes
633 1044 695 1072 aut
730 1038 795 1071 sub
822 1038 988 1081 apostolis
1016 1041 1096 1070 ante
1111 1037 1284 1080 fecissent
1310 1044 1373 1071 aut
1397 1049 1534 1082 semper
1546 1039 1676 1082 facere
1700 1037 1800 1072 debe-

304 1094 393 1132 rent,
427 1087 626 1122 insatiabili
659 1087 863 1131 cupiditatis
891 1087 1019 1120 ardore
1045 1085 1262 1130 ampliandis
1276 1086 1800 1130 facultatibus'imcumbebamt.

307 1137 391 1171 Non
427 1137 466 1170 in
496 1135 736 1171 sacerdotibus
769 1142 819 1170 est
850 1135 972 1180 reliqio
1007 1135 1145 1177 devota,
1178 1147 1250 1169 non
1281 1135 1320 1169 in
1344 1135 1516 1170 ministris
1531 1136 1625 1180 fides
1650 1134 1798 1180 inteqra,

304 1198 377 1220 non
409 1185 448 1220 in
482 1185 646 1229 operibus
680 1185 935 1227 misericordia,
966 1196 1039 1218 non
1069 1184 1108 1217 in
1141 1183 1297 1218 moribus
1323 1183 1527 1228 disciplina,
1553 1189 1725 1229 corrupta
1749 1189 1800 1219 est
1845 1209 1847 1211 .

304 1235 344 1269 in
360 1234 447 1270 viris
467 1235 590 1276 barba,
615 1234 654 1268 in
669 1233 819 1277 seminis
834 1235 963 1277 forma
977 1234 1122 1276 fucata,
1150 1233 1344 1268 adulterati
1357 1239 1438 1277 post
1454 1233 1527 1268 Dei
1547 1244 1676 1267 mutnus
1693 1232 1797 1274 oculi,

305 1284 430 1327 capilli
466 1283 647 1318 mendacio
685 1283 844 1317 colorati.
904 1283 962 1316 Ad
998 1281 1208 1325 decipienda
1246 1283 1356 1316 corda
1393 1281 1605 1326 simplicium
1645 1281 1799 1316 callidae

294 1333 466 1376 fraudes,
492 1332 807 1366 circumveniendis
822 1331 1004 1374 fratribus
1030 1331 1199 1364 subdolae
1225 1332 1433 1373 voluntates,
1467 1343 1539 1366 non
1568 1331 1692 1365 iurare
1718 1337 1799 1365 tan·

305 1388 379 1416 tum
403 1386 540 1423 temere,
566 1381 629 1415 sed
655 1381 774 1414 adhuc
800 1381 904 1414 etiam
922 1380 1098 1424 peierare,
1119 1380 1342 1423 praepositos
1376 1381 1527 1424 superbo
1559 1385 1693 1415 tumore
1717 1391 1798 1414 con·

305 1435 466 1473 temnere,
497 1434 668 1464 venenato
702 1429 769 1463 sibi
802 1441 861 1464 ore
887 1429 1106 1470 maledicere,
1139 1428 1231 1462 odiis
1250 1429 1496 1472 pertinacibus
1521 1429 1669 1463 invicem
1694 1428 1798 1464 dissi-

305 1486 401 1520 dere.
452 1485 632 1528 Episcopi,
660 1475 812 1531 inquit,
835 1483 999 1528 plurimi,
1025 1495 1112 1527 quos
1137 1489 1170 1517 et
1186 1484 1403 1518 hortamento
1429 1495 1502 1518 esse
1528 1488 1661 1527 oportet
1677 1482 1798 1518 ceteris

305 1540 337 1569 et
363 1535 530 1578 exemplo,
557 1535 683 1569 divina
702 1534 956 1578 procuratione
981 1538 1190 1576 contempta,
1209 1538 1463 1576 procuratores
1496 1544 1617 1567 rerum
1640 1532 1799 1566 saecula-

305 1583 399 1617 rium
424 1583 556 1627 eliyunt
571 1583 668 1627 fieri,
694 1588 726 1617 et
750 1582 919 1617 derelicta
945 1582 1126 1624 cathedra,
1145 1582 1250 1625 plebe
1275 1582 1425 1623 deserta,
1453 1592 1523 1626 per
1557 1580 1693 1617 alienas
1711 1592 1799 1625 pro·

306 1632 440 1666 vincias
475 1633 688 1673 oberrantes,
720 1631 967 1677 negotiationis
1000 1627 1262 1674 quaestuosaeb
1295 1631 1479 1664 nundinas
1506 1630 1696 1674 aucupari,
1721 1641 1799 1664 esu-

305 1681 476 1714 rientibus
514 1681 552 1714 in
590 1681 736 1714 ecclesia
761 1680 946 1724 fratribus
988 1679 1115 1712 habere
1154 1685 1339 1723 argentum
1377 1679 1532 1723 leo-qiter,
1573 1679 1632 1714 vel
1656 1679 1798 1723 fundos

306 1729 487 1763 insidiosis
498 1730 699 1773 fraudibus
725 1740 862 1772 capere,
883 1727 1003 1762 usuris
1028 1727 1343 1771 multiplicantibus
1359 1729 1494 1770 foenus
1524 1738 1665 1772 auyere.
1705 1727 1800 1768 Quid

306 1790 377 1812 non
398 1777 539 1821 perpeti
564 1778 651 1812 tales
670 1789 741 1821 pro
760 1777 918 1821 peccatis
942 1776 1115 1811 eiusmodi
1135 1788 1318 1818 meremur,
1345 1788 1422 1810 cum
1438 1776 1513 1810 iam
1530 1777 1672 1820 pridem
1690 1788 1800 1820 prae·
1875 1812 1878 1813 ⁷

287 1826 480 1861 ’monuerit
505 1839 547 1860 ac
573 1827 704 1860 diaeerit
727 1838 880 1861 censura
905 1824 1049 1860 divina.-
1082 1823 1137 1858 ‘Si
1161 1824 1411 1868 dereliquerint
1436 1826 1543 1870 leqem
1566 1836 1679 1859 meam
1705 1831 1737 1859 et
1761 1825 1800 1860 in
1838 1823 1841 1826 ’

306 1875 450 1910 iudiciis
483 1876 567 1910 meis
600 1887 673 1909 non
707 1873 977 1916 ambulaverint,
1004 1874 1036 1906 si
1060 1873 1324 1917 iustificationes
1350 1885 1446 1907 meas
1468 1873 1743 1918 profanaverint
1768 1880 1800 1908 et

304 1930 495 1969 praecepta
513 1936 593 1958 mea
616 1936 689 1958 non
706 1923 979 1964 observaverint,
1002 1923 1150 1956 visitabo
1175 1923 1213 1956 in
1237 1923 1341 1967 virga
1356 1922 1533 1966 facinora
1558 1934 1679 1957 eorum
1704 1929 1735 1956 et
1761 1923 1799 1957 in

297 1974 455 2019 flagellis
481 1972 610 2008 delicta
636 1972 776 2007 eorum'.
825 1972 1090 2006 Praenuntiata
1115 1977 1196 2005 sunt
1221 1972 1291 2004 ista
1315 1971 1415 2005 nobis
1441 1977 1474 2006 et
1500 1978 1580 2006 ante
1600 1970 1798 2015 praedicta,

306 2024 368 2058 sed
404 2034 468 2056 nos
503 2023 610 2056 datae
644 2022 730 2067 legis
764 2026 796 2056 et
828 2019 1080 2055 observationis
1114 2020 1328 2054 immemores
1361 2021 1401 2055 id
1427 2021 1558 2064 eqimus
1585 2031 1654 2064 per
1677 2024 1800 2054 nostra
1867 2052 1878 2066 ί.

300 2076 461 2116 peccata,
489 2077 538 2114 ut,
565 2071 652 2105 dum
676 2071 822 2105 Domini
846 2071 1021 2103 mandata
1046 2069 1306 2111 contemnimus,
1333 2070 1383 2103 ad
1409 2070 1659 2113 correptionem
1683 2068 1803 2104 delicti
1862 2068 1878 2108 ’ἶ

307 2126 339 2155 et
366 2120 612 2164 probationem
632 2121 724 2164 fidei
756 2119 919 2154 remediis
951 2114 1170 2152 saevioribus
1201 2117 1410 2152 veniremus
1463 2118 1538 2152 Nec
1571 2119 1694 2152 saltem
1722 2129 1800 2153 sero
1863 2116 1878 2161 ἓ

306 2169 465 2204 conversi
491 2170 540 2202 ad
565 2169 712 2202 Domini
736 2168 891 2202 timorem
916 2179 1050 2209 sumus,
1072 2172 1111 2201 ut
1137 2168 1229 2201 hanc
1250 2167 1502 2211 correptionem
1530 2172 1689 2209 nostram
1862 2164 1869 2176 ¹

307 2224 550 2268 bationemque
582 2223 743 2257 divinam
766 2222 941 2266 patienter
971 2228 1002 2256 et
1016 2221 1165 2266 fortiter
1190 2221 1397 2256 subiremus.
1449 2213 1507 2254 Et
1534 2213 1579 2254 in
1605 2211 1717 2255 libro
1747 2212 1801 2255 de

306 2272 470 2312 unitate
491 2268 697 2312 ecclesiae
717 2268 831 2310 idem
854 2267 1099 2335 Cyprianus
1112 2274 1128 2296 2
1149 2267 1401 2324 episcopus:
1438 2278 1624 2321 Unitatem,
1649 2268 1802 2326 inquit,

307 2330 414 2364 simul
441 2333 472 2364 et
504 2329 723 2363 dilectionem
748 2326 948 2372 maqisterio
979 2339 1041 2360 suo
1069 2327 1228 2361 Christus
1255 2327 1384 2369 docuit,
1405 2327 1602 2371 prophetas
1627 2338 1744 2362 omnes
1769 2333 1801 2362 et

306 2385 386 2428 leye
381 2397 412 2417 ιη
423 2384 623 2428 praeceptis
641 2383 792 2424 duobus,
807 2363 894 2413 Dei
909 2371 1110 2414 Videlicet
1125 2371 1351 2414 dilectlone
1366 2378 1409 2414 et
1423 2372 1623 2428 proximi,
1643 2383 1798 2416 inclusit.

310 2433 426 2473 Quam
446 2445 527 2467 vero
549 2432 720 2466 unitatem
736 2436 865 2473 servat,
883 2443 990 2475 quam
1007 2432 1224 2465 dilectionem
1242 2431 1392 2465 custodit
1411 2437 1475 2464 aut
1491 2431 1630 2476 coqitat,
1650 2431 1713 2474 qui
1729 2431 1800 2465 dis-

308 2481 449 2515 cordiae
473 2482 603 2524 furore
633 2491 786 2514 vesanus
821 2480 1001 2514 ecclesiam
1032 2480 1171 2521 scindit,
1195 2481 1307 2523 fidem
1333 2480 1493 2522 destruit,
1512 2491 1639 2524 pacem
1668 2480 1800 2522 turbat,

307 2530 490 2563 caritatem
511 2529 673 2573 dissipat,
699 2533 957 2562 sacramentum
971 2528 1172 2572 profanat?
1198 2529 1336 2562 Malum
1353 2529 1428 2571 hoc,
1439 2528 1642 2572 fidelissimi
1647 2529 1800 2572 fratres,
1875 2556 1878 2573 ;

307 2578 377 2611 iam
407 2578 550 2621 pridem
581 2582 752 2620 coeperat,
786 2577 847 2611 sed
880 2589 976 2611 nunc
1006 2577 1111 2611 crevit
1138 2576 1292 2611 eiusdem
1318 2577 1405 2611 mali
1428 2577 1560 2621 infesta
1585 2577 1714 2620 clades,
1741 2588 1799 2611 ex·
1844 2575 1846 2578 ’

307 2638 432 2670 urqere
468 2638 509 2659 ac
537 2627 707 2669 pululare
734 2627 820 2668 plus
855 2625 967 2669 coepit
998 2626 1169 2659 hereticae
1188 2626 1382 2669 pravitatis
1414 2631 1446 2660 et
1471 2626 1672 2660 scismatum
1697 2637 1799 2662 vene·
1839 2651 1849 2666 ·,

308 2681 397 2709 nata
417 2674 607 2718 pernicies.

179 1817 232 1842 Ps.
247 1815 284 1842 88

160 1857 238 1882 31-
244 1856 292 1882 33

309 2790 339 2825 a)
362 2798 482 2824 cunque
505 2792 530 2818 1.
614 2790 646 2824 b)
667 2791 712 2832 ita,
730 2790 886 2816 emendavit
907 2789 1048 2823 δύων-ἀ,-
1070 2791 1298 2822 negotiationes
1320 2793 1504 2823 quaestuose
1527 2792 1553 2817 1.

311 2897 349 2942 1)
377 2898 547 2943 Cypriani
573 2898 692 2942 Opera
717 2909 752 2941 p.
779 2897 864 2930 240.
965 2896 1003 2940 2)
1030 2897 1124 2931 Ibid.
1151 2909 1185 2941 p.
1215 2897 1296 2931 224.
