1878 3308
113 1183 189 1210 Luc.
206 1183 252 1217 15,
266 1184 293 1210 ’1.

304 273 348 305 12
565 273 631 305 DE
660 271 869 305 UNITATE
896 270 1168 304 ECCLESIAE
1196 269 1566 305 CONSERVANDA.

302 383 554 427 humilitatis
594 384 788 439 impenso
834 383 1009 436 destitit,
1055 382 1191 424 donec
1234 382 1277 423 in
1320 383 1501 439 gratiam
1547 397 1645 426 cum
1685 397 1802 449 papa

302 440 430 483 rediit
479 447 522 482 et
563 439 620 482 ad
665 439 1031 495 comprobandum
1080 438 1396 482 ecclesiasticae
1443 439 1801 483 reconciliationis

302 497 595 540 testimonium
647 510 813 538 sacram
862 495 1205 536 communionem
1255 495 1446 552 corporis
1494 501 1537 538 et
1580 495 1802 552 sanguinis

304 553 483 595 Domini
512 552 564 595 de
596 566 726 594 manu
764 551 982 607 pontificis
1022 552 1203 607 accepit,
1242 566 1434 593 mensam
1472 566 1569 594 cum
1600 566 1651 594 eo
1680 551 1802 605 adiit,

303 623 355 651 ac
386 608 540 651 deinde
570 607 771 650 dimissus
801 614 866 650 est
894 608 937 648 in
967 621 1088 663 pace,
1120 606 1288 664 qualem
1319 605 1480 650 scilicet
1497 622 1650 664 pacem
1671 608 1807 650 Iudas

306 664 538 717 simulavit,
574 678 660 706 non
698 663 867 721 qualem
904 662 1101 706 Christus
1149 662 1333 720 reliquit.
1391 662 1558 706 Aderat
1600 664 1713 706 enim
1759 670 1802 706 et

304 721 459 776 legatio
499 720 686 762 hostium
724 733 897 761 suorum
936 720 1229 776 quaerentium
1269 719 1467 762 omnibus
1506 719 1645 762 modis
1673 721 1802 762 inter-

305 791 504 833 rumpere
543 777 696 818 initum
740 775 822 818 hoc
867 775 1225 818 reconciliationis
1263 782 1450 832 pactum,
1491 774 1648 833 quibus
1687 790 1803 832 papa

305 833 526 889 rescripsit
559 831 716 874 talibus
754 831 918 874 verbis:
963 833 1032 873 Ne
1068 831 1254 885 solliciti,
1298 832 1510 888 inquiens,
1550 833 1661 886 sitis,
1697 847 1800 888 quo-

307 891 431 931 ‘niam
459 888 788 944 culpabiliorem
817 903 913 930 eum
942 888 1078 930 reddo
1108 889 1268 931 vobi-3¹.
1321 888 1446 931 Certe
1476 887 1802 945 culpabiliorem

307 945 450 987 facere
470 944 669 1001 aliquem,
690 945 919 1000 praecipue
939 951 1080 987 autem
1096 959 1254 1000 regem,
1277 958 1403 1001 quem
1456 945 1636 1002 raecipit
1649 944 1803 987 Petrus

308 1001 528 1057 apostolus
572 1000 865 1054 honorificare,
910 999 991 1042 hoc
1036 1014 1121 1042 non
1162 1007 1226 1042 est
1270 1015 1372 1042 oves
1451 999 1571 1043 hristi
1610 1014 1803 1058 pascere.

310 1056 663 1114 Culpabiliorem,
699 1057 888 1112 inquam,
925 1056 1064 1098 facere
1094 1057 1326 1113 praecipue
1357 1071 1469 1110 eum,
1499 1064 1625 1113 quem
1657 1056 1804 1113 poeni-

308 1120 398 1155 teat
434 1111 693 1168 culpabilem
730 1113 928 1165 existere,
966 1113 1048 1154 hoc
1088 1127 1174 1154 non
1210 1119 1275 1155 est
1314 1113 1581 1155 sacerdotem
1623 1113 1801 1155 Domini

309 1184 415 1221 esse,
459 1183 555 1210 cum
595 1170 686 1224 ipse
726 1169 768 1209 in
809 1168 1032 1223 euangelio
1063 1169 1278 1210 Dominus
1315 1169 1441 1223 dicat,
1473 1168 1681 1225 gaudium
1710 1168 1802 1210 fieri
1848 1179 1850 1181 ’

308 1226 352 1266 in
391 1224 508 1266 caelo
554 1239 683 1280 super
726 1239 810 1265 uno
854 1231 1079 1281 peccatore
1116 1226 1419 1281 paenitentiam
1464 1230 1631 1281 agente,
1673 1238 1803 1281 quam

307 1295 440 1336 super
467 1281 702 1335 nonaginta
728 1295 885 1322 novem
914 1281 1049 1334 iustis,
1082 1282 1155 1337 qui
1183 1295 1268 1322 non
1297 1282 1490 1337 indigent
1527 1281 1805 1338 poenitentia.

308 1335 512 1392 Nunquid
553 1335 771 1378 terribile⁸
808 1344 850 1378 et
889 1335 992 1378 illud
1033 1343 1346 1379 sacramentum
1392 1338 1586 1393 corporis
1624 1336 1804 1378 Domini

309 1393 607 1446 contemnitur,
638 1407 722 1449 quo
754 1407 831 1434 rex
859 1391 914 1433 ad
935 1391 1066 1435 altare
1096 1393 1139 1434 in
1170 1393 1460 1434 testimonium
1491 1391 1806 1435 ecclesiasticae

307 1448 665 1491 reconciliationis
692 1448 1064 1490 communicatur?
1094 1448 1210 1505 quod
1236 1455 1351 1492 certe
1373 1455 1688 1492 sacramentum
1716 1448 1805 1504 pie—

307 1505 408 1547 tatis
439 1506 607 1560 signum
640 1519 810 1561 quoque
840 1512 904 1547 est
933 1505 1107 1547 unitatis
1138 1511 1180 1546 et
1199 1504 1418 1547 vinculum
1449 1505 1651 1548 caritatis.
1697 1504 1806 1547 Sed:

308 1562 376 1603 Ne
398 1561 586 1614 solliciti,
608 1561 759 1616 inquit,
790 1562 900 1614 sitis,
922 1562 1030 1617 quia
1051 1561 1380 1616 culpabiliorem
1400 1577 1495 1603 eum
1514 1562 1651 1604 reddo
1670 1561 1805 1603 vobis.

307 1617 366 1658 Et
404 1617 439 1658 si
474 1631 566 1670 reX,
608 1617 681 1673 qui
720 1632 798 1672 per
827 1631 872 1659 se
901 1618 1045 1673 ipsum
1076 1616 1303 1673 culpabilis
1333 1619 1508 1671 exstitit,
1537 1631 1616 1673 per
1645 1630 1804 1673 papam

310 1672 564 1729 culpabilior
583 1673 788 1726 redditur,
820 1673 914 1729 quis
945 1687 1094 1715 eorum
1125 1674 1299 1715 maioris
1321 1673 1472 1729 culpae
1492 1687 1590 1715 reus
1610 1672 1811 1715 tenetur?

309 1729 418 1782 Hoc,
442 1743 613 1785 quaes0,
645 1728 911 1771 considerate
932 1735 974 1772 et
993 1730 1151 1771 tenete!
1195 1729 1311 1772 Ecce
1331 1737 1473 1771 autem
1503 1730 1677 1786 proprie
1707 1735 1808 1771 sunt

309 1799 459 1840 regum
492 1785 701 1841 quaedam
743 1792 1002 1839 ornamenta,
1034 1786 1144 1827 sicut
1182 1800 1341 1827 corona
1377 1791 1419 1827 et
1456 1799 1649 1842 purpura
1677 1791 1806 1842 atque
1846 1792 1849 1795 '

309 1839 393 1882 alia
422 1842 544 1896 regni
573 1842 771 1896 insignia,
802 1856 828 1883 a
857 1841 1012 1898 quibus
1041 1856 1186 1897 regem
1214 1842 1430 1884 abstinere
1458 1841 1514 1883 ad
1541 1841 1707 1884 arbitrii
1737 1842 1805 1883 sui

310 1903 481 1954 tempus
522 1897 713 1940 decrevit
747 1912 804 1953 pa
837 1913 874 1951 a,
915 1897 1041 1939 huius
1081 1897 1245 1940 scilicet
1282 1898 1529 1940 intentionis
1571 1898 1721 1954 gratia,
1759 1903 1808 1939 ut

310 1953 372 1994 sic
409 1960 484 1995 aut
524 1954 802 2010 contemptibi
822 1955 884 1995 ‘or
921 1960 1033 1996 esset
1067 1954 1202 2010 ipsius
1232 1955 1345 2010 regis
1374 1954 1420 1995 in
1448 1968 1580 2009 regno
1609 1967 1805 2010 persona,

311 2009 448 2051 donec
478 2010 752 2052 roboraretur
780 2025 826 2052 re
859 2025 975 2063 num,
1006 2010 1122 2066 quod
1150 2010 1236 2051 iam
1266 2010 1498 2067 parabatur
1526 2010 1569 2051 in
1600 2009 1807 2052 electione

311 2064 484 2108 alterius
523 2067 650 2120 regis,
685 2066 787 2108 dum
847 2071 966 2108 uerat
1002 2066 1017 2107 i
1050 2081 1095 2108 se
1131 2066 1347 2122 legitimus
1386 2081 1463 2109 rex
1491 2067 1535 2107 in
1565 2063 1702 2119 Italia,
1733 2071 1809 2107 aut

312 2122 348 2162 si
384 2136 470 2163 non
500 2123 736 2178 permissus
773 2138 799 2164 a
837 2137 883 2164 se
912 2081 1073 2176 regalia
1102 2130 1336 2165 resumeret
1365 2129 1626 2176 ornamenta,
1657 2123 1807 2164 certio-

311 2191 401 2219 rem
441 2178 618 2234 perinde
657 2177 835 2220 haberet
863 2178 1128 2220 exercendae
1159 2180 1274 2220 circa
1303 2193 1401 2221 eum
1431 2191 1605 2220 causam
1635 2191 1808 2220 excom-

312 2234 627 2287 municationis,
697 2234 780 2275 uod
823 2233 993 2276 videtur
1031 2248 1117 2275 non
1156 2248 1248 2276 esse
1294 2234 1480 2276 officium
1519 2234 1690 2289 pietatis
1725 2247 1807 2275 nec

313 2289 485 2344 signum
517 2249 770 2332 eonem-(iliae
800 2296 843 2331 et
872 2290 1048 2332 unitatis
1063 2297 1091 2331 2.
1141 2289 1267 2331 Unde
1298 2295 1470 2332 sanctus
1499 2303 1614 2345 papa
1644 2288 1808 2344 Grego-

312 2345 401 2386 rius
433 2345 583 2388 scribit
611 2346 672 2387 ita
700 2347 743 2386 in
775 2345 961 2387 homiliis
992 2352 1033 2387 et
1061 2346 1123 2387 ita
1147 2345 1312 2399 docet³,
1343 2352 1392 2387 ut
1419 2346 1516 2402 ipsa
1544 2344 1625 2386 hac
1645 2344 1808 2400 ligandi

313 2406 354 2441 et
385 2400 575 2443 solvendi
604 2407 814 2456 potestate
845 2416 889 2444 se
918 2402 1072 2457 privet,
1103 2401 1175 2457 qui
1204 2401 1315 2443 hanc
1352 2416 1430 2458 pro
1467 2401 1554 2443 suis
1583 2399 1809 2443 voluntati-

313 2524 343 2558 α)
367 2525 498 2590 ,[ἓνῖαεᾱε
525 2528 672 2592 legendum
693 2533 749 2555 est.-
777 2530 888 2555 Nonne
910 2530 1048 2555 terribile
1070 2529 1150 2562 quod
1174 2549 1180 2555 .
1207 2550 1212 2556 .
1237 2537 1263 2561 .;
1285 2529 1442 2554 Schardius
1463 2529 1634 2554 emendavit.-
1662 2529 1808 2560 Nunquid

312 2566 387 2590 terri
409 2566 461 2599 ie,
483 2574 542 2598 quo
587 2588 593 2593 .
618 2587 624 2593 .
649 2586 657 2593 .

315 2659 350 2701 1)
377 2660 488 2693 Fides
515 2661 638 2693 horum
665 2663 865 2704 verborum,
893 2665 1025 2707 quippe
1053 2674 1144 2706 quae
1173 2674 1251 2696 cum
1279 2663 1396 2696 verbis
1422 2662 1571 2696 aliorum
1598 2664 1809 2706 scriptorum

313 2712 485 2751 pugnent,
521 2719 542 2741 a
571 2710 691 2743 multis
724 2712 762 2743 in
789 2712 935 2745 dubium
970 2716 1128 2745 vocatur.
1253 2710 1292 2755 2)
1327 2712 1404 2745 Has
1435 2722 1492 2745 res
1531 2715 1657 2745 auctor
1694 2712 1811 2755 magis

314 2758 364 2790 ita
389 2757 510 2798 tradit,
538 2759 715 2800 quomodo
743 2770 804 2792 eas
832 2761 1001 2794 Germani
1028 2761 1292 2794 arbitrabantur
1316 2761 1433 2794 factas
1460 2771 1550 2801 esse,
1585 2771 1691 2804 quam
1721 2771 1808 2804 quo-

314 2805 420 2838 modo
455 2816 493 2838 re
519 2817 604 2838 vera
639 2807 763 2849 gestae
799 2813 890 2841 sunt.
945 2809 999 2841 cf.
1025 2810 1118 2842 Anu.
1145 2809 1344 2851 Bertholdi,
1373 2809 1438 2844 SS.
1456 2810 1500 2850 V,
1526 2821 1562 2853 p.
1590 2809 1685 2850 2863
1715 2809 1810 2842 Ann.

312 2854 508 2895 Lamberti‚
538 2855 603 2888 SS.
623 2856 667 2896 V,
694 2868 728 2899 p.
754 2856 836 2890 254.
860 2861 896 2889 et
923 2857 1013 2896 2583
1040 2858 1194 2901 Registr.
1214 2858 1278 2897 IV,
1299 2858 1375 2893 12³.
1448 2858 1486 2900 3)
1513 2858 1676 2901 Gregorii
1703 2868 1814 2901 opera
1870 2863 1875 2866 ’

313 2902 370 2937 ed.
396 2903 543 2945 Bened„
569 2904 681 2938 Paris.
710 2905 815 2946 1705,
841 2905 872 2947 1,
898 2918 932 2949 p.
958 2906 1063 2939 1555.
