1878 3308
222 290 351 324 XVIII
835 288 1122 323 PRAEFATIO.

254 417 314 444 ua
355 402 407 444 de
447 417 586 444 causa
625 403 742 458 reqis
772 407 810 443 et
832 402 1093 458 principum
1123 401 1378 445 decerneret.
1442 400 1548 445 Cum
1578 407 1720 444 autem

225 417 425 501 gascones
454 463 699 511 metuerent,
729 473 782 500 ne
812 459 860 499 in
892 458 966 499 illo
988 463 1199 499 conventu
1227 457 1414 500 consilia
1444 463 1721 513 caperentur,

225 513 383 571 quibus
422 527 522 569 opes
553 514 740 556 Henrici
777 514 961 556 nimium
999 519 1247 568 crescerent,
1278 528 1410 569 papa
1447 519 1621 556 coactus
1660 519 1722 556 est

226 575 387 613 conatu
416 584 494 612 suo
526 570 742 612 desistere.
800 570 953 626 Itaque
983 570 1035 612 de
1063 571 1234 626 integro
1267 571 1382 612 inter
1412 570 1653 612 Henricum
1682 575 1721 612 et

227 625 429 668 Saxones
466 625 620 668 bellum
656 631 850 669 exortum
888 632 926 668 et
965 627 1181 681 utrimque
1217 625 1278 667 ad
1307 640 1434 668 arma
1463 640 1722 668 concursum

226 689 300 724 est.
358 681 494 724 Brevi
525 687 665 724 autem
697 680 911 735 Saxones,
949 682 1087 724 dubia
1109 681 1308 737 fortuna
1346 681 1443 724 belli
1466 681 1718 738 populatio-

226 752 330 780 num
363 737 491 794 pleni
521 738 572 780 de
596 739 692 791 essi,
724 738 774 780 de
804 739 938 794 pacis
974 738 1298 780 conditionibus
1337 753 1434 780 cum
1463 752 1563 794 reqe
1592 751 1722 794 agere

225 800 470 849 coeperunt.
589 809 672 836 uae
711 808 808 850 pam
853 794 969 851 quod
1017 795 1254 849 composita
1304 799 1408 836 esset
1483 808 1719 850 uamquam

218 864 352 906 papa
398 864 527 906 aeqre
572 850 683 902 tulit,
729 851 988 907 animusque
1031 851 1125 892 eius
1167 850 1266 893 odio
1315 851 1443 892 incen
1477 849 1631 892 ebatur
1671 850 1722 891 in

225 920 380 962 reqem,
418 920 465 947 eo
505 907 620 962 quod
658 906 793 963 legati
831 907 879 947 in
919 906 1084 963 synodo
1115 907 1207 960 (11.
1237 906 1359 948 Febr.
1393 906 1526 959 1079)
1558 905 1610 947 de
1649 906 1718 948 in—

226 963 358 1004 iuriis
388 962 694 1017 querebantur,
726 977 837 1019 quae
864 964 1019 1004 amicis
1037 977 1186 1018 papae
1215 963 1265 1004 in
1287 961 1530 1004 Germania
1559 959 1723 1003 allatae

227 1024 375 1070 essent,
421 1023 458 1059 et
502 1033 766 1074 quamquam
810 1024 913 1060 tunc
951 1019 1155 1074 temporis
1194 1018 1396 1060 voluntas
1437 1033 1489 1061 ac
1527 1017 1722 1060 studium

225 1074 319 1115 eius
350 1073 410 1115 ad
431 1074 674 1130 Rudotf'um
702 1089 846 1131 regem
875 1074 1132 1126 inclinabat,
1161 1080 1303 1116 tamen
1332 1089 1422 1116 non
1443 1074 1605 1116 destitit
1624 1088 1721 1116 cum

226 1129 419 1172 Henrico
466 1145 595 1187 a9ere
639 1131 691 1173 de
736 1137 947 1173 conventu
991 1131 1040 1172 in
1091 1129 1332 1173 Germania
1377 1129 1598 1183 habendo;
1644 1144 1722 1171 nec

225 1185 406 1227 dubium
443 1192 516 1240 est,
555 1187 675 1243 quin,
715 1189 755 1228 si
792 1193 970 1243 uterque
1000 1201 1080 1228 rex
1109 1187 1291 1229 decretis
1321 1186 1441 1229 illius
1469 1185 1648 1229 concilii
1677 1200 1720 1227 se

224 1241 533 1294 subiunoeisset,
567 1257 635 1297 pa
671 1258 699 1284 a
738 1248 870 1284 totam
902 1242 1188 1285 Germaniam
1226 1244 1275 1284 in
1315 1243 1403 1285 duo
1433 1257 1575 1300 reqna
1605 1241 1718 1285 divi-

226 1311 358 1339 surus
392 1296 549 1354 fuerit.
645 1314 718 1341 um
762 1305 905 1341 autem
949 1300 1079 1340 etiam
1123 1300 1162 1340 is
1206 1304 1452 1351 conventus,
1503 1312 1627 1354 quem
1670 1298 1720 1340 in

227 1354 389 1409 oppido
428 1353 676 1411 Wirziburq
711 1355 790 1410 aqi
820 1370 954 1411 papa
992 1355 1201 1408 voluerat,
1237 1354 1299 1396 ad
1327 1355 1506 1397 irritu-m
1535 1353 1722 1406 caderet,

225 1409 275 1451 id
329 1410 445 1464 quod
505 1410 640 1467 Zeqati
689 1426 844 1467 papae
905 1411 1022 1453 alius
1082 1413 1188 1454 vitio
1245 1412 1363 1467 reqis
1417 1409 1536 1453 alius
1589 1409 1723 1466 culpa

226 1464 457 1508 Saoeonum
481 1465 662 1522 factum
697 1482 785 1509 esse
819 1467 1036 1520 dicebant,
1065 1482 1198 1523 papa·
1228 1465 1453 1519 intelleaeit,
1493 1467 1534 1508 si
1562 1481 1615 1509 ea
1645 1466 1720 1508 via

225 1521 446 1563 insidiosa
485 1528 523 1564 et
563 1524 752 1578 ancipiti
782 1529 995 1580 perqeret,
1036 1538 1078 1565 se
1117 1524 1237 1565 omni
1277 1523 1551 1576 auctoritate,
1590 1536 1722 1579 quam

227 1577 351 1632 apud
374 1576 616 1620 Germanos
645 1594 776 1634 usque
804 1585 908 1621 tunc
937 1579 1171 1632 habuisset,
1202 1579 1448 1621 destitutum
1465 1578 1585 1634 fore.
1630 1577 1721 1619 Ita-

227 1647 307 1689 que
341 1648 459 1686 cum,
498 1649 597 1690 reye
636 1634 828 1677 Henrico
865 1635 990 1690 apud
1025 1634 1305 1676 Flarckbeim
1349 1635 1480 1687 victo,
1518 1633 1721 1676 Saxones

221 1703 377 1744 papae
406 1690 582 1745 eiusque
612 1690 759 1732 doloso
784 1692 1055 1746 ancipitique
1086 1691 1211 1733 modo
1239 1690 1405 1747 ayendi
1427 1704 1570 1732 omnes
1599 1692 1722 1732 mise-

227 1745 322 1786 rias
353 1744 459 1786 belli,
478 1752 516 1786 et
545 1746 793 1788 discordiae
822 1747 1072 1799 tribuerent,
1102 1746 1174 1788 ille
1203 1753 1378 1789 coactus
1409 1752 1488 1788 aut
1517 1746 1577 1788 ad
1605 1747 1722 1803 reyis
1767 1796 1771 1800 ¹

229 1806 306 1842 aut
327 1800 388 1842 ad
403 1800 635 1844 Saxonum
649 1817 832 1844 causam
851 1817 894 1843 se
911 1802 1155 1857 applicare,
1164 1818 1255 1859 pro
1277 1818 1424 1844 rerum
1438 1808 1555 1844 statu
1564 1808 1722 1857 partes

228 1855 459 1899 Saxonum
488 1859 611 1912 sequi
639 1858 838 1900 decrevit.
908 1857 1002 1907 Quo
1020 1858 1165 1912 facto,
1200 1860 1252 1902 de
1281 1860 1451 1915 inteqro
1482 1858 1723 1900 Henricum

229 1916 249 1966 (
254 1911 291 1954 7.
313 1913 444 1954 Mart.
473 1913 604 1967 1080)
633 1915 1029 1968 anathematizavit,
1056 1915 1182 1957 cuius
1218 1915 1510 1957 anathematis
1543 1915 1722 1956 initium

228 1974 391 2024 spectat
405 1967 518 2011 illud
529 1970 644 2025 quod
656 1971 856 2012 21.Febr.
869 1971 991 2012 1076.
1009 1971 1171 2013 dictum
1186 1977 1279 2013 erat
1291 1979 1317 2013 ¹.
1351 1971 1447 2012 Iam
1465 1984 1584 2012 anno
1599 1970 1720 2012 1076.

223 2039 376 2079 papae
398 2027 640 2083 permayni
658 2027 883 2080 intererat,
910 2028 958 2069 in
981 2027 1170 2070 instanti
1193 2042 1357 2084 puqna
1386 2041 1474 2069 non
1505 2026 1644 2068 solum
1671 2028 1722 2069 in

229 2080 364 2122 Italia
380 2082 519 2123 socios
536 2082 706 2136 babere,
727 2083 803 2125 sed
823 2084 991 2125 studuit
1010 2084 1140 2126 etiam
1159 2082 1422 2126 Germaniae
1443 2084 1670 2139 episcopos
1685 2088 1725 2124 et

223 2138 456 2192 principes
470 2138 555 2180 sibi
568 2138 815 2181 conciliare.
845 2140 903 2181 Et
917 2141 1099 2196 contigit
1114 2140 1166 2193 ei,
1188 2140 1304 2196 quod
1320 2145 1559 2194 optaverat.
1588 2138 1722 2192 Nam,

229 2208 325 2235 cum
353 2192 553 2236 Samones
583 2195 805 2249 audirent,
834 2210 880 2237 re
914 2211 976 2238 em
1006 2196 1146 2238 denuo
1177 2195 1590 2237 anathematizatum
1620 2209 1723 2247 esse,

228 2251 416 2291 maxime
445 2251 820 2305 permovebantur.
878 2211 975 2293 {am
1007 2252 1067 2293 ad
1097 2251 1207 2294 alios
1241 2251 1482 2307 Greqorius
1511 2252 1605 2306 ipse
1635 2251 1723 2306 epi-

229 2305 368 2346 stulas
392 2306 522 2359 dedit,
548 2313 586 2348 et
608 2322 635 2348 a
656 2323 676 2349 s
708 2307 822 2349 nodo
843 2308 1014 2349 nuntiis
1035 2308 1182 2349 missis
1200 2308 1261 2350 ad
1283 2307 1476 2349 Udonem
1493 2307 1720 2349 Treveren-

231 2375 328 2413 sem,
349 2362 654 2405 Theodericum
706 2364 999 2417 irdunensem,
1031 2364 1350 2406 Herimannum
1381 2363 1623 2415 Metensem,
1652 2377 1722 2405 eos

225 2423 435 2471 precatus
464 2425 537 2471 est,
568 2425 615 2460 ut
642 2419 837 2461 redirent
864 2421 914 2461 in
943 2418 1206 2462 ecclesiam.
1258 2420 1377 2461 Tunc
1405 2418 1723 2472 Herimannus,

233 2473 394 2528 quippe
425 2476 502 2530 qui
523 2475 613 2516 iam
642 2475 903 2518 Wormatiae
928 2476 1020 2530 (24.
1042 2476 1140 2517 Ian.
1165 2476 1297 2528 1076)
1329 2476 1463 2517 anoeie
1484 2474 1724 2516 dubitasset

231 2528 272 2569 ei
291 2529 455 2571 decreto
477 2532 695 2585 assentiri,
725 2547 808 2588 quo
829 2531 1162 2574 Hildebrandus
1184 2533 1332 2574 iussus
1353 2536 1448 2572 erat
1459 2531 1724 2586 pontificatu

232 2598 275 2625 se
303 2584 511 2627 abdicare
523 2593 553 2638 ³,
574 2586 729 2630 litteris
751 2589 952 2643 acceptis,
971 2587 1282 2644 infestissimus
1302 2588 1418 2643 reqis
1439 2587 1724 2629 adversarius

232 2640 407 2681 exstitit.
462 2642 578 2684 Aliis
613 2644 829 2699 episcopis
860 2643 1125 2686 Germaniae
1159 2645 1272 2687 diem
1301 2642 1576 2686 vinculorum
1604 2642 1724 2685 Petri

233 2697 296 2750 (1.
326 2695 467 2752 Auq.)
511 2700 733 2741 constituit
774 2699 1030 2756 Gregorius,
1069 2715 1205 2756 usque
1244 2700 1306 2741 ad
1339 2714 1469 2754 quam
1505 2697 1627 2740 vellet
1653 2698 1723 2741 illi

232 2752 316 2794 sibi
365 2753 668 2809 adiungerent.
737 2755 825 2807 ›Sed
869 2772 965 2798 cum
1013 2771 1102 2799 non
1147 2757 1343 2799 omnibus
1379 2761 1532 2811 posset
1574 2755 1722 2796 iniun-

231 2823 331 2864 gere
370 2810 614 2851 servitutem
654 2817 691 2852 et
729 2811 1052 2866 oboedientiam,
1097 2811 1327 2869 epistulam
1362 2811 1484 2854 illam
1520 2811 1722 2866 scripsit:

235 2924 268 2966 1)
303 2923 397 2957 Jaffd
425 2924 474 2966 11,
500 2936 534 2968 p.
561 2924 644 2958 398.
675 2925 757 2960 222.
859 2927 898 2970 2)
932 2927 1027 2960 Ibid.
1054 2939 1090 2972 p.
1118 2928 1201 2962 226.
1303 2929 1340 2971 3)
1367 2928 1462 2962 Ibid.
1490 2939 1525 2971 p.
1552 2927 1636 2960 453.
