1878 3308
108 1892 195 1918 Rom.
210 1894 236 1926 1,
247 1893 294 1919 32.

309 257 353 289 18
551 256 618 289 DE
645 255 856 288 UNITATE
884 252 1155 286 ECCLESIAE
1183 251 1549 286 CONSERVANDA.

338 382 432 411 osse
470 368 684 424 simplices
721 366 899 409 fratrum
929 365 1093 407 animos
1132 364 1187 406 ad
1224 363 1412 406 studium
1447 364 1656 406 scismatis
1695 377 1791 406 con-

336 439 489 477 rmare,
529 438 639 481 quae
679 424 807 466 etiam
846 429 1027 479 possunt
1059 435 1136 462 nos
1167 421 1284 476 ipsos
1313 420 1412 462 inde
1448 420 1682 463 scribentes
1718 425 1792 461 aut

305 479 410 523 alios
449 480 639 537 legentes
674 480 717 521 in
753 479 913 522 bonum
956 476 1196 529 aedificare,
1270 477 1327 529 ui,
1358 475 1459 518 dum
1503 476 1792 520 convertimus

305 536 494 579 studium
534 542 723 579 nostrum
763 535 817 576 ad
855 534 1142 590 cognitionem
1180 546 1254 575 ccc
1273 533 1494 574 esiasticae
1530 531 1793 590 disciplinae,

304 592 580 649 intelligimus
618 607 720 634 sane
758 606 836 648 per
863 591 1107 633 unctionem
1146 588 1293 631 Sancti
1323 587 1520 644 Spiritus,
1558 590 1632 646 qui
1669 588 1805 631 docet·

304 663 382 691 nos
412 649 466 691 de
495 648 707 703 omnibus,
737 646 951 704 quomodo
983 652 1176 703 oporteat
1203 659 1283 687 nos
1315 644 1557 687 conversari
1590 645 1636 687 in
1664 645 1791 688 domo

304 705 402 758 Dei,
434 720 543 762 quae
569 710 633 747 est
652 703 831 747 ecclesia
849 703 934 745 Dei
959 703 1154 756 viventis,
1186 700 1383 743 columna
1411 707 1452 743 et
1480 700 1792 744 firmamentum

305 762 511 803 veritatis.

417 817 456 859 9.
505 817 722 873 Scriptum
742 822 806 858 est
825 816 938 858 enim
952 823 978 868 ¹,
1000 814 1114 871 quod
1133 813 1406 855 Innocentius
1426 826 1542 869 papa
1561 811 1794 856 Arcadium

303 873 605 929 imperatorem
627 871 1073 923 excommunicaverit,
1103 884 1153 912 eo
1169 868 1290 967 guod
1309 870 1354 910 in
1373 868 1639 925 depositione
1659 869 1794 912 sancti

304 929 509 972 Iohannis
556 929 748 986 episcopi
796 927 1076 980 consenserit3
1121 941 1166 968 se
1246 924 1359 967 unde
1402 924 1486 967 hoc
1527 931 1796 982 assumptum

304 986 372 1039 sit,
401 1000 478 1028 nos
510 985 683 1043 quidem
711 984 853 1027 adhuc
881 985 1091 1026 incertum
1119 989 1325 1035 tenemus,
1355 981 1430 1024 sed
1460 981 1542 1024 hoc
1603 995 1650 1024 ro
1679 987 1795 1024 certo

304 1042 525 1096 novimus,
570 1041 685 1107 quod
729 1055 809 1083 nec
852 1040 896 1081 in
934 1040 1066 1096 gestis
1103 1038 1395 1080 Romanorum
1437 1038 1559 1093 ponti
1592 1051 1689 1079 cum
1733 1038 1795 1079 in-

305 1098 487 1152 venitur,
523 1098 599 1139 ubi
635 1104 755 1154 gesta
792 1097 952 1153 pariter
990 1094 1184 1138 eiusdem
1213 1094 1451 1136 Innocentii
1486 1093 1796 1148 describuntur,

305 1168 388 1195 nec
430 1155 476 1195 in
517 1153 627 1196 libro
671 1153 939 1195 decretorum
982 1153 1073 1194 eius
1115 1150 1337 1207 reperitur,
1373 1164 1454 1191 nec
1491 1150 1535 1191 in
1565 1149 1797 1206 Tripertita

306 1209 496 1263 historia,
534 1209 609 1251 ubi
647 1209 743 1266 plus
772 1223 901 1264 quam
940 1207 1041 1249 alibi
1069 1207 1252 1263 legimus
1287 1205 1340 1248 de
1369 1205 1480 1247 illius
1517 1204 1795 1262 depositionis

306 1266 526 1308 sententia.
590 1266 881 1308 Veruntamen
909 1264 1102 1321 episcopi
1131 1263 1205 1319 qui
1233 1263 1374 1318 ipsum
1403 1260 1638 1304 Iohannem
1669 1261 1796 1318 depo-

307 1329 480 1364 suerant
509 1321 704 1364 catholici
733 1327 874 1375 erant3
905 1320 1018 1362 unde
1040 1319 1265 1362 Gelasius²
1295 1332 1410 1374 papa
1438 1318 1483 1358 in
1509 1316 1620 1360 libro
1649 1325 1796 1360 contra

305 1378 494 1421 fautores
538 1377 711 1434 Agathi,
753 1377 829 1419 ubi
874 1375 1032 1429 scribit,
1077 1374 1194 1432 quod
1236 1372 1471 1431 apostolica
1513 1373 1636 1416 sedes
1680 1388 1796 1416 more

306 1435 530 1488 maiorum,
570 1434 697 1477 etiam
745 1434 836 1475 sine
874 1431 959 1475 ulla
1003 1431 1166 1488 synodo
1207 1429 1504 1486 praecedente,
1549 1429 1797 1472 exsolvendi

307 1504 414 1547 quos
449 1490 638 1547 synodus
677 1490 825 1546 iniqua
866 1489 1153 1541 damnaverat,
1200 1492 1243 1529 et
1277 1485 1519 1540 damnandi,
1563 1485 1680 1528 nulla
1725 1501 1797 1528 ex-

306 1547 459 1589 istente
496 1546 675 1602 synodo,
713 1560 820 1602 quos
860 1545 1060 1600 oportuit,
1095 1543 1272 1586 haberet
1314 1542 1570 1584 facultatem.
1629 1551 1794 1593 Sanctae,

306 1602 458 1658 inquit,
495 1613 679 1645 Romanae
716 1610 903 1645 memoriae
942 1610 1136 1643 Iohannem
1177 1608 1601 1651 Congtantz'nopolitamum
1637 1607 1796 1651 synodus

307 1661 412 1695 etiam
439 1661 684 1695 catholicorum
707 1660 915 1703 praesulum
941 1665 1029 1692 certe
1055 1659 1301 1699 damnaverat,
1337 1669 1437 1700 quem
1470 1657 1568 1690 sedes
1604 1656 1797 1700 apostolica

307 1717 412 1750 etiam
445 1717 531 1757 sola,
567 1715 652 1759 quia
684 1724 755 1748 non
789 1713 970 1753 consensit,
1004 1713 1163 1746 absolvit.
1215 1702 1387 1743 Dicitur
1414 1710 1556 1744 autem
1584 1701 1797 1743 Arcadius

306 1762 539 1818 imperator
575 1760 968 1802 excommunicatus
1011 1758 1155 1810 fuisse,
1201 1772 1250 1799 eo
1291 1758 1405 1814 quod
1450 1758 1712 1800 consenserit
1753 1757 1799 1798 in
1849 1788 1851 1791 .

307 1818 422 1860 beati
465 1816 666 1859 Iohannis
711 1815 901 1872 episcopi
946 1814 997 1856 de
1033 1814 1269 1856 ositionem.
1329 1812 1416 1855 Sed
1460 1814 1654 1869 quamvis
1703 1813 1797 1869 pari

309 1874 519 1916 sententia
558 1872 821 1927 constringat
859 1877 1008 1927 aposto
1027 1885 1075 1911 us
1114 1884 1199 1924 eos,
1237 1871 1308 1926 qui
1336 1868 1499 1911 faciunt
1526 1875 1569 1911 et
1598 1869 1672 1926 qui
1700 1882 1798 1910 con—

308 1930 496 1972 sentiunt
524 1927 792 1981 facientibus,
831 1933 974 1969 tamen
995 1927 1114 1969 iuxta
1132 1925 1363 1967 humanam
1392 1925 1599 1967 rationem
1627 1924 1798 1966 levioris

309 1984 623 2042 quodammodo
669 1983 822 2040 culpae
869 1990 933 2024 est
976 1984 1050 2040 qui
1093 1982 1366 2035 consenserit,
1405 1995 1533 2038 quam
1574 1982 1648 2038 qui
1682 1980 1798 2023 facit.

307 2043 366 2085 Et
390 2057 489 2084 cum
507 2040 567 2082 illi
596 2040 813 2097 praesules
845 2040 917 2096 qui
946 2040 1233 2095 deposuerunt
1259 2037 1525 2094 praedictum
1554 2036 1796 2093 pontificem

308 2100 392 2141 sint
427 2097 554 2154 plane
593 2096 790 2138 catholici
827 2096 949 2137 iuxta
989 2095 1241 2137 sententiam
1281 2093 1417 2136 sancti
1453 2107 1592 2150 papae
1623 2091 1797 2147 Gelasii,

308 2153 487 2212 qualiter
535 2152 745 2194 Arcadius
799 2152 1030 2207 imperator
1078 2150 1344 2192 consentiens
1396 2149 1651 2192 facientibus
1705 2149 1798 2204 ipse

307 2211 461 2253 meruit
490 2208 731 2265 specialiter
761 2207 1126 2250 excommunicari
1154 2205 1222 2248 vel
1243 2204 1467 2247 damnari?
1511 2204 1637 2247 Certe
1665 2205 1798 2247 multa

310 2273 408 2309 sunt
450 2264 625 2307 Arcadii
674 2264 942 2320 imperatoris
985 2262 1211 2319 privilegia
1255 2276 1363 2318 quae
1406 2261 1493 2302 reci
1527 2261 1560 2302 it
1602 2260 1795 2314 ecclesia,

308 2328 456 2378 utpote
486 2320 568 2363 sibi
587 2319 712 2362 valde
731 2319 982 2372 necessaria,
1012 2319 1123 2360 sicut
1150 2323 1327 2359 testatur
1345 2316 1454 2358 liber
1473 2331 1496 2358 c
1527 2317 1797 2359 ristianorum

309 2379 614 2434 imperatorum
653 2376 706 2418 de
742 2375 827 2418 fide
866 2373 1085 2427 catholica,
1124 2373 1306 2429 ideoque
1335 2387 1420 2414 non
1449 2371 1617 2429 repellit
1644 2387 1741 2414 eum
1771 2387 1799 2414 a

310 2434 608 2475 communione
625 2446 714 2474 sua.
756 2431 1010 2474 Constituit³
1025 2444 1210 2486 namque
1230 2443 1326 2470 cum
1346 2428 1473 2470 fratre
1494 2443 1569 2470 suo
1591 2428 1796 2482 Honorio,

311 2488 577 2545 supplicante
604 2488 798 2542 ecclesia,
830 2493 887 2540 ut,
917 2501 1196 2543 quaecunque
1223 2501 1248 2526 α
1271 2485 1530 2540 parentibus
1554 2486 1648 2526 suis
1667 2486 1798 2539 impe-

310 2545 534 2587 ratoribus
563 2545 822 2586 christianis
856 2549 1017 2585 statuta
1048 2548 1149 2584 sunt
1177 2542 1361 2583 diversis
1390 2541 1650 2596 temporibus
1679 2541 1798 2582 circa

313 2607 618 2644 sacrosanctas
648 2599 861 2652 ecclesias,
890 2605 1097 2641 maneant
1124 2597 1338 2640 inviolata
1373 2603 1499 2652 atque
1526 2597 1795 2650 incorrupta,

317 2741 353 2781 1)
382 2741 510 2784 Spuria
538 2738 693 2782 epistula
717 2739 920 2770 Innocentii
946 2739 974 2771 I.
1002 2749 1060 2781 ap.
1087 2738 1326 2781 Nicephorum
1354 2737 1554 2778 Callistum,
1580 2737 1675 2769 Hist.
1704 2735 1795 2769 eccl.

315 2790 420 2830 XIII,
448 2790 513 2829 343
556 2788 740 2826 Constant,
776 2787 878 2830 epist.
913 2791 1009 2829 pont.
1043 2787 1144 2820 Rom.
1179 2786 1272 2829 App.
1311 2797 1347 2829 p.
1375 2786 1458 2819 905.
1559 2786 1598 2827 2)
1632 2784 1796 2828 Epistula

315 2838 452 2872 Gelasii
478 2846 593 2880 papae
621 2836 666 2869 ad
694 2836 881 2879 episcopos
907 2836 1125 2877 Dardaniae,
1160 2835 1263 2868 Thiel
1294 2835 1317 2867 1.
1346 2846 1376 2868 c.
1409 2836 1438 2875 1,
1471 2846 1506 2878 p.
1533 2835 1616 2867 392.
1650 2837 1685 2866 et
1711 2833 1796 2865 400.

315 2888 351 2930 3)
381 2886 503 2920 Codex
529 2885 798 2918 Theodosianus
827 2884 882 2916 ed.
910 2884 1062 2926 Haenel,
1087 2884 1112 2917 1.
1139 2884 1237 2923 XVI,
1263 2885 1317 2917 tit.
1343 2884 1395 2923 ΙΙ,
1422 2883 1480 2916 lex
1506 2883 1565 2916 32.
