1878 3308
284 281 353 315 DE
379 280 591 315 UNITATE
618 280 891 315 ECCLESIAE
919 280 1287 315 CONSERVANDA.
1485 282 1532 314 69

37 393 184 450 regiae
226 391 412 449 regulae,
455 393 588 436 immo
631 401 947 450 usurpaverunt
990 393 1074 436 sibi
1122 391 1264 435 officia
1310 394 1535 450 potestatis

38 449 274 507 uti-Iusque,
303 449 507 506 quoniam
536 450 654 506 apud
674 449 769 492 illos
799 449 925 506 plane
951 456 1015 492 est
1042 463 1224 506 regnum
1253 458 1328 492 aut
1346 449 1423 492 ubi
1450 450 1534 506 ipsi

37 503 200 560 volunt,
226 506 516 562 perversiores
546 505 646 548 inde
677 505 817 549 effecti
846 519 950 562 prae
978 506 1113 547 nimia
1140 506 1327 548 ambitus
1356 520 1534 562 usurpa-

36 561 168 616 tione,
202 569 252 604 ut
284 560 341 604 ad
374 569 575 605 neutrum
612 561 766 604 horum
805 563 895 604 sive
934 561 991 604 ad
1031 561 1318 604 sacerdotium
1358 563 1449 604 sive
1479 561 1535 604 ad

38 631 221 675 regnum
237 617 424 716 &seint
460 618 605 661 idonei
643 619 844 672 existere,
884 632 981 660 cum
1011 632 1145 660 unum
1174 632 1231 660 ex
1260 617 1326 660 his
1355 633 1435 674 pro
1466 619 1535 660 sui

38 674 235 740 magnitu
269 674 279 683 “
313 689 338 717 e
366 673 593 731 diligenter
614 676 711 731 quis
739 689 825 716 non
844 675 982 731 possit
1010 673 1201 731 implere.
1241 673 1535 717 Veruntamen

39 728 296 773 christianus
332 745 420 772 non
459 738 536 785 est,
573 730 807 774 catholicus
844 744 931 772 non
969 736 1044 784 est,
1085 731 1280 787 quisquis
1310 730 1533 786 euangelio

39 785 306 841 contradicit,
336 787 531 844 quisquis
553 786 791 830 doctrinam
819 785 1097 843 apostolicam
1119 787 1293 844 spernit.
1332 788 1532 841 Reddite,
1547 777 1656 843 {2⁸⁸2ss

38 842 192 899 inquit,
220 857 334 898 quae
363 850 467 885 sunt
496 845 692 886 caesaris
732 844 918 896 caesari,
949 849 987 885 et
1017 858 1128 899 quae
1166 850 1270 885 sunt
1298 843 1387 886 Dei
1424 836 1754 895 Deo.2‚’rnm,2,4‚

38 898 177 942 Nemo
203 897 402 942 militans
422 899 514 942 Deo
544 900 743 956 implicat
770 914 814 941 se
834 900 1020 955 negotiis
1041 899 1353 942 saecularibus.
1391 900 1533 942 Deum
1550 915 1752 951 1.Petr12,17.

38 955 192 1009 timete,
231 970 374 1013 reqem
404 955 699 1010 honorificate,
729 961 792 998 et:
831 955 1039 1009 subiecti,
1068 956 1219 1012 inquit,
1249 962 1376 998 estote
1415 957 1535 998 omni
1571 955 1692 1021 ¹·¹3'⁹¹¹¹

39 1017 272 1054 creaturae
304 1018 488 1067 propter
515 1012 673 1066 Deum,
711 1014 799 1054 sive
836 1014 933 1069 φερέ
963 1014 1093 1068 quasi
1114 1011 1414 1068 praecellenti,
1446 1013 1535 1055 sive
1550 996 1604 1029 ²'¹
1632 995 1698 1023 ’¹⁴‘

39 1067 224 1110 ducibus
250 1074 464 1124 tanquam
494 1068 548 1110 ab
578 1083 625 1111 eo
654 1069 798 1111 missis
830 1069 889 1110 ar]
918 1068 1161 1110 vindictam
1189 1068 1534 1124 malefactorum,

40 1123 102 1165 ad
136 1123 312 1166 laudem
349 1139 451 1166 vero
495 1125 714 1167 bonorum.
781 1125 803 1166 I
836 1125 922 1166 itur
965 1138 1061 1165 cum
1105 1130 1285 1180 utraque
1334 1123 1535 1181 dignitas,

37 1177 196 1236 regalis
239 1178 402 1223 scilicet
439 1186 568 1237 atque
604 1180 809 1238 pontifica
825 1181 875 1235 is,
920 1180 983 1222 sic
1023 1179 1219 1223 ordinata
1262 1181 1318 1222 sit
1360 1195 1387 1222 a
1424 1180 1534 1234 Deo,

38 1236 240 1334 ssuatinus
278 1235 483 1293 spiritalis
520 1237 632 1279 actio
667 1251 694 1278 a
722 1235 1029 1292 temporalibus
1065 1235 1194 1279 distet
1222 1237 1465 1279 incursibus
1493 1242 1536 1279 et

83 1305 135 1334 eo
170 1291 358 1335 militans
396 1293 573 1335 minime
612 1308 657 1336 se
695 1293 881 1349 negotiis
920 1291 1111 1348 implicet
1148 1291 1448 1347 saecularibus,
1493 1299 1535 1334 et

39 1362 141 1390 cum
168 1361 255 1390 non
274 1349 442 1405 possint
460 1363 607 1391 omnes
635 1363 705 1391 res
734 1354 850 1391 tutae
879 1363 985 1402 esse,
1014 1349 1098 1390 nisi
1128 1363 1238 1405 quae
1267 1349 1322 1390 ad
1343 1349 1534 1391 divinam

39 1403 350 1447 confessionem
368 1405 585 1462 pertinent
612 1412 656 1448 et
673 1404 794 1462 regia
821 1411 863 1447 et
883 1403 1160 1447 sacerdotalis
1180 1404 1370 1447 defendit
1388 1411 1534 1447 aucto-

37 1460 156 1515 ritas,
185 1461 406 1514 attendite,
445 1461 636 1515 obsecro,
676 1467 720 1503 et
756 1460 913 1513 videte,
953 1460 1169 1517 quomodo
1202 1459 1461 1503 Hildebrant
1491 1466 1535 1503 et

39 1517 236 1574 episcopi
255 1518 349 1560 eius
373 1517 485 1559 inter
502 1516 607 1560 alias
627 1517 972 1570 innumerabiles,
1002 1531 1113 1574 quae
1132 1516 1233 1560 inde
1255 1523 1532 1570 emerserunt,

37 1571 211 1615 hereses
247 1573 521 1631 quaesierint,
557 1575 802 1617 resistentes
831 1573 939 1615 miro
968 1573 1097 1615 modo
1135 1573 1222 1615 Dei
1264 1573 1532 1626 ordinationi,

13 1627 144 1681 ‚haec
180 1627 266 1672 duo
302 1629 569 1687 principalia,
608 1630 766 1687 quibus
802 1630 966 1685 regitur
1000 1629 1201 1683 mundus,
1239 1629 1452 1685 extirpare
1491 1637 1534 1672 et

37 1683 95 1728 ad
127 1683 310 1728 nihilum
339 1685 515 1740 ducere3
555 1687 792 1752 cupienteS,
830 1686 958 1728 etiam
992 1685 1099 1728 alios
1130 1700 1277 1727 omnes
1306 1686 1532 1742 episcopos

37 1739 144 1784 tales
182 1755 290 1797 esse,
326 1742 437 1784 sicut
474 1748 574 1784 sunt
606 1744 703 1799 ipsi,
745 1741 947 1798 quivere
985 1756 1072 1784 non
1111 1747 1211 1784 sunt
1244 1743 1449 1798 episcopi,
1490 1748 1533 1784 et

37 1811 160 1854 reges
203 1797 414 1841 eiusmodi
456 1797 626 1853 habere,
672 1798 827 1855 quibus
869 1798 954 1855 ipsi
989 1798 1110 1854 regia
1153 1797 1323 1840 licentia
1399 1799 1534 1840 ossint

36 1852 263 1910 imperare.
318 1854 435 1897 Ecce
474 1855 588 1897 enim
627 1854 920 1897 Herimannus
962 1869 1053 1908 reX,
1097 1868 1320 1897 successor
1401 1853 1531 1896 udolfi

36 1909 152 1967 regis
179 1910 384 1967 ipsorum,
413 1909 510 1953 talis
540 1917 654 1954 certe
681 1909 764 1952 fuit
793 1917 837 1953 et
865 1909 961 1952 talis
991 1910 1144 1963 extitit,
1183 1917 1231 1953 ut
1268 1910 1320 1952 de
1351 1925 1401 1952 eo
1431 1925 1531 1952 vere

38 1965 275 2009 secundum
316 1966 483 2009 literam
526 1968 637 2009 inter
668 1966 797 2008 retari
833 1967 1070 2022 possimus,
1115 1965 1232 2023 quod
1269 1966 1313 2007 in
1348 1964 1530 2007 Daniele
1543 1977 1747 2011 manao.

36 2019 231 2079 legimus,
262 2021 384 2078 quia:
415 2022 558 2065 Stabit
579 2025 625 2065 ἱη
663 2037 737 2064 oco
757 2023 851 2064 eius
880 2022 1103 2077 despectus
1133 2028 1171 2063 et
1201 2037 1286 2063 non
1317 2021 1531 2063 tribuetur

37 2079 79 2121 ei
106 2078 246 2120 honor
271 2079 435 2135 reyius.

154 2134 218 2177 16.
275 2133 386 2175 Nam
415 2140 463 2176 ut
490 2133 892 2190 praetermittamus,
928 2139 1032 2199 quot
1060 2132 1199 2174 modis
1229 2131 1284 2174 ab
1315 2132 1530 2189 episcopis

36 2188 106 2232 vel
125 2204 153 2232 a
170 2188 440 2247 principibus
462 2189 676 2232 saxoniae
698 2195 962 2245 contemptui
983 2195 1048 2231 est
1075 2187 1258 2242 habitus,
1289 2189 1362 2245 qui
1384 2202 1531 2231 omnes

35 2245 83 2288 in
110 2246 242 2288 variis
270 2245 564 2288 voluntatibus
593 2245 796 2288 volebant
835 2259 1004 2301 semper
1043 2258 1236 2300 regnare,
1266 2245 1387 2287 iuxta
1416 2244 1531 2301 quod

37 2315 116 2359 per
133 2301 388 2359 prophetam
409 2302 515 2344 dicit
534 2301 760 2355 Dominus,
792 2301 1002 2343 eiusmodi
1022 2301 1238 2357 principes
1259 2299 1386 2343 simul
1407 2315 1530 2356 reges

37 2371 143 2401 esse.
182 2358 281 2415 Ipsi
299 2360 427 2412 enim,
457 2358 606 2414 inquit,
635 2363 933 2414 reynaverunt
954 2364 991 2398 et
1013 2372 1100 2399 non
1122 2371 1175 2398 eae
1194 2372 1272 2410 me,
1296 2358 1528 2412 principes
1544 2374 1622 2402 0100
1633 2375 1699 2409 s‚4.

37 2415 283 2465 extiterunt,
312 2421 351 2456 et
380 2430 469 2457 non
506 2415 716 2471 coqnovi,·
747 2421 795 2455 ut
821 2412 939 2464 haec,
981 2413 1170 2469 inquam,
1199 2419 1529 2469 praetereamus,

38 2482 137 2513 ecce
165 2484 244 2513 nos
273 2469 505 2528 aliquando
535 2469 717 2512 eundem
747 2469 1055 2512 Herimannum
1086 2468 1273 2510 vidimus
1303 2469 1347 2510 in
1377 2470 1528 2512 castris

10 2523 257 2570 :Saxonum
287 2541 374 2569 non
403 2527 516 2583 regis
547 2526 635 2569 sive
666 2526 873 2582 principis
902 2524 996 2567 loco
1027 2524 1221 2577 militare,
1252 2539 1379 2581 quem
1399 2540 1453 2568 ne
1473 2525 1529 2567 ad

37 2580 144 2625 collo
176 2582 250 2625 uia
293 2581 467 2640 quidem
512 2582 646 2639 princi
683 2597 754 2624 um
800 2582 1099 2638 perspeximus
1143 2580 1306 2635 venire3
1351 2587 1393 2624 et
1430 2595 1527 2623 cum

10 2651 148 2695 ¹supp
183 2638 288 2682 citer
329 2653 428 2681 eum
471 2637 865 2695 interpelaremus⁸
914 2652 991 2694 pro
1041 2637 1300 2679 imminentis
1350 2636 1529 2694 periculi

36 2695 304 2748 necessitate,
365 2709 421 2736 uo
450 2694 534 2737 iam
565 2694 736 2751 iamque
766 2693 1008 2736 minabatur
1041 2692 1165 2735 nobis
1192 2693 1368 2736 vastitas
1398 2700 1528 2759 atque

39 2750 236 2792 contritio
273 2709 477 2793 ecclesiae
516 2759 700 2804 nostrae,
740 2749 974 2807 respondit,
1005 2764 1050 2792 se
1079 2763 1165 2791 non
1194 2763 1318 2806 posse
1347 2748 1415 2792 vel
1446 2749 1528 2792 sibi

36 2804 106 2849 vel
133 2805 257 2849 nobis
286 2806 499 2863 prodesse.
551 2807 683 2849 Primi
715 2821 816 2849 vero
847 2805 900 2849 de
929 2805 1197 2863 principibus
1228 2812 1349 2848 erant
1376 2805 1420 2847 in
1449 2806 1527 2848 eis-

37 2936 71 2972 ⁸)
91 2938 360 2973 interpellaremur
383 2940 419 2973 ις
440 2939 583 2966 Fraterno
604 2939 769 2966 emendavit.
