1878 3308
0 0 43 321 ἴ
327 264 395 298 ΒΕ
419 263 631 298 UNITATE
657 264 930 300 ECCLESIAE
959 265 1328 300 CONSERVANDA.
1507 268 1574 302 103

0 322 7 343 .
112 312 128 326 Ο

0 346 7 437 Ξ
78 379 216 415 Muciae
239 379 420 415 novitatem
439 391 509 424 per
523 380 630 422 salsa
655 380 832 424 sacrificia
857 382 1071 425 profanare,
1096 381 1270 424 nesciret,
1303 383 1483 425 quoniam,
1514 383 1577 426 qui

0 437 4 455 ¹
79 433 203 464 coam
226 429 484 464 ordinationem
501 427 573 463 Dei
596 429 771 471 innititur,
799 429 840 464 ob
864 429 1068 465 temeritatis
1093 430 1284 464 audaciam
1311 430 1437 464 divina
1463 431 1575 465 anim-

0 497 5 505 ·
77 482 289 520 admotam
306 483 472 527 punitur,
521 473 646 517 Haec
675 481 718 517 et
745 472 841 527 alia,
871 489 981 531 qnae
1009 473 1196 532 plurima
1224 475 1374 518 scribit
1402 482 1575 518 sanctus

78 526 324 586 Cyprianus
352 529 584 586 episc-opus
612 531 657 572 in
684 529 794 573 libro
824 530 878 573 de
897 531 1061 574 unitate
1086 530 1320 574 catholicae
1350 530 1574 586 ecclesiae,

76 583 198 638 mc,
238 584 430 642 inquam,
473 585 598 629 valde
642 587 884 630 necessaria
927 593 1026 630 sunt
1062 594 1212 630 contra
1247 601 1334 642 coe,
1374 588 1450 644 qui
1488 603 1574 630 non

76 638 215 684 solum
235 655 357 694 voce,
387 641 462 684 sed
492 648 536 685 et
556 643 766 700 scriptura
784 642 1051 700 profitentur,
1081 658 1126 686 se
1147 642 1376 686 defendere
1407 650 1573 700 partem

75 696 143 740 sui
173 694 263 740 Gre
322 697 376 740 rii
402 712 557 797 papae.
604 698 794 756 Reliquit
823 713 925 755 ergo
954 699 1179 742 ecclesiam
1209 698 1439 754 Adelbero,
1471 714 1573 757 qua-

73 750 162 796 lem
198 752 259 796 sc’
294 759 364 797 cet
398 767 472 796 ecc
489 754 624 798 esiam
663 753 738 798 des
773 754 893 798 ondit
921 754 1082 798 Paulus
1110 755 1332 813 apostolus
1363 757 1450 798 ‘uni
1479 757 1572 799 viro
1587 773 1788 807 2.corr.11,2.

75 808 288 866 virginem
308 815 471 853 castam
492 809 696 854 exhibere
757 811 916 865 hristo',
947 817 991 854 et
1011 812 1186 855 secessit
1215 811 1315 855 inde
1344 811 1401 854 ad
1427 826 1573 869 supra-

74 863 235 909 dictam
262 867 558 922 munitionem,
590 882 700 924 quae
720 867 877 910 dicitur
894 867 1145 922 Mons-vini,
1175 867 1252 911 ubi
1281 874 1323 911 et
1342 867 1574 911 celebravit

74 920 334 964 sacrificium
359 928 403 965 et
422 923 656 967 orationem
672 930 843 989 praeter
861 923 995 976 altare
1015 930 1058 967 et
1072 925 1419 966 communionem
1440 923 1573 967 eccle-

0 1002 3 1009 >
74 977 164 1021 siae
179 976 415 1022 catholicae
428 978 527 1024 Dei.
550 979 598 1023 Si
614 994 728 1022 emm
745 979 958 1023 hereditas
974 979 1179 1023 ecclesiae
1195 986 1260 1023 est
1273 995 1362 1037 pax
1377 987 1420 1023 et
1433 981 1574 1037 patria

75 1032 170 1077 eius
195 1039 261 1078 est
282 1048 385 1092 pax,
414 1035 548 1092 igitur
577 1042 621 1078 et
647 1051 826 1092 regnum
849 1035 955 1079 illud
975 1036 1062 1079 Dei
1090 1037 1239 1094 patris,
1269 1037 1385 1094 quod
1415 1036 1572 1080 cotidie

73 1095 200 1188 rogat
226 1089 405 1134 ecclesia
433 1098 482 1134 ut
509 1091 723 1146 adveniat,
754 1099 821 1135 est
844 1106 947 1149 pax,
993 1093 1163 1147 Pacem,
1192 1093 1344 1150 inquit,
1373 1092 1570 1149 relinquo
1584 1106 1768 1141 1011.14,2·1.

73 1160 127 1188 vo
156 1147 207 1200 ie,
215 1162 374 1204 pacem
389 1163 527 1191 meam
543 1149 598 1191 do
615 1149 746 1192 vobis.
776 1149 904 1192 Unde
917 1155 1096 1202 constat,
1112 1163 1287 1206 precem
1300 1148 1477 1192 alteram
1493 1148 1572 1191 illi-

73 1201 172 1245 citis
191 1201 371 1246 vocibus
400 1203 554 1247 fecisse
582 1211 625 1247 et
653 1205 892 1247 dominicae
921 1205 1084 1247 hostiae
1114 1205 1337 1247 veritatem
1368 1220 1446 1262 per
1464 1203 1572 1247 falsa

73 1257 287 1302 sacrificia
313 1274 412 1302 eum
443 1260 705 1326 profanasse,
738 1262 811 1318 qui
841 1276 927 1303 non
989 1267 1156 1303 recatur
1190 1274 1270 1317 pro
1299 1275 1407 1318 pace
1437 1260 1571 1303 eccle-

74 1314 178 1358 siae.
229 1314 371 1369 Quam
400 1315 564 1360 scilicet
593 1331 744 1374 pacem
774 1316 911 1360 noluit
939 1316 1010 1360 ile
1031 1315 1247 1360 Adelbero
1277 1316 1345 1359 vel
1374 1323 1477 1359 tunc
1507 1331 1571 1359 re·

75 1370 234 1428 cipere,
270 1371 443 1438 quando
485 1373 598 1415 intra
641 1373 860 1416 civitatem
898 1372 1150 1429 Wirziburg
1193 1372 1393 1415 obsessus
1432 1373 1572 1430 potuit

75 1427 175 1484 capi
218 1427 393 1484 qmdem
436 1427 507 1471 vel
551 1428 706 1482 occidi,
746 1428 821 1472 sed
859 1428 976 1471 nullo
1013 1428 1142 1471 modo
1186 1427 1315 1482 flecti,
1360 1435 1407 1471 ut
1442 1428 1572 1471 vellet

73 1482 378 1540 imperatorem
420 1484 567 1527 videre
610 1484 679 1527 vel
713 1484 886 1542 alloqui,
925 1499 1004 1542 per
1041 1484 1154 1542 quod
1192 1484 1353 1527 destrui
1399 1499 1571 1542 quoque

74 1542 267 1582 cernitur
319 1540 459 1596 gratia
506 1541 615 1595 Dei,
664 1555 750 1598 qua
798 1541 930 1584 creati
979 1555 1146 1595 sumus,
1203 1555 1333 1598 quam
1381 1548 1424 1584 et
1472 1555 1571 1583 cum

73 1595 220 1652 impiis
261 1610 434 1653 quoque
464 1598 765 1640 communemb
794 1595 1016 1650 habemus,
1046 1611 1146 1639 cum
1185 1596 1339 1662 quibus
1378 1598 1572 1639 homines

5 1659 10 1662 ’
73 1665 236 1707 sumus,
267 1658 397 1709 atque
426 1652 538 1706 ideo,
569 1653 764 1710 quisquis
787 1654 974 1710 priorem
1003 1659 1238 1695 contemmt
1257 1653 1455 1709 gratiam,
1487 1667 1573 1709 qua

71 1708 207 1751 creati
236 1722 397 1762 sumus,
427 1709 622 1764 ingratus
654 1724 827 1765 quoque
854 1710 1000 1752 existit
1033 1708 1246 1752 secundae
1274 1710 1451 1765 gratiae,
1487 1723 1572 1765 qua

71 1765 254 1807 recreati
288 1778 437 1807 sumus
471 1770 599 1822 atque
633 1764 799 1819 salvati,
827 1782 924 1808 cum
954 1780 1140 1808 essemus
1169 1768 1327 1808 mortui
1362 1766 1664 1821 peccatis,np12.
1678 1778 1745 1812 as.

73 1820 185 1863 sicut
213 1819 319 1863 dicit
337 1820 569 1878 apostolus.
616 1821 689 1863 Ex
709 1821 790 1864 hoc
810 1822 939 1875 enim,
966 1821 1080 1878 quod
1101 1820 1308 1864 adversae
1328 1822 1461 1878 partis
1483 1835 1506 1863 e
1541 1821 1572 1862 i-

61 1877 196 1934 ·scopi
218 1877 340 1920 iuxta
354 1884 515 1920 sectam
536 1877 887 1920 Manichaeorum
903 1878 1145 1933 despiciunt
1162 1878 1206 1919 in
1226 1892 1327 1933 rege
1348 1877 1512 1919 Henric
1547 1891 1571 1919 o

73 1931 305 1986 hominem,
341 1940 580 1976 creaturam
618 1933 718 1986 Dei,
762 1933 1022 1989 refugientes
1059 1948 1157 1975 eum
1194 1932 1341 1975 videre
1370 1932 1439 1975 vel
1467 1931 1570 1974 allo-

73 1989 164 2046 qui,
192 1987 405 2046 perillam
426 1988 590 2032 scilicet
621 1989 929 2047 [excusationis
939 1989 971 2047 ⁰]
997 1989 1283 2041 occasionem,
1314 2003 1400 2045 qua
1422 1987 1572 2031 dicunt

72 2059 173 2089 eum
201 2059 295 2088 esse
324 2045 759 2098 excommunicatum,
790 2061 846 2088 ex
865 2045 960 2098 hoc,
989 2045 1178 2101 inquam,
1207 2050 1343 2087 totum
1374 2050 1438 2086 est
1466 2042 1571 2086 illud

73 2099 336 2154 scandalum,
377 2100 492 2158 quod
530 2099 794 2158 reliquerunt
829 2100 1032 2143 ecclesias
1063 2114 1161 2142 suas
1190 2106 1233 2142 et
1262 2113 1407 2142 curam
1438 2099 1571 2142 domi-

72 2158 268 2200 nicarum
289 2157 449 2210 ovium,
480 2163 522 2200 et
546 2156 661 2214 quod
693 2171 771 2222 per
790 2156 1036 2213 parrochias
1066 2170 1164 2198 suas
1188 2155 1321 2198 multo
1351 2156 1437 2198 iam
1466 2161 1571 2198 tem-

71 2227 179 2271 pore
206 2212 342 2256 multa
371 2212 479 2255 fiunt
507 2212 752 2267 homicidia,
784 2213 961 2278 rapinae
992 2219 1036 2255 et
1055 2211 1253 2255 incendia
1274 2226 1352 2269 pro
1373 2211 1438 2253 his
1460 2225 1570 2268 quae

0 2275 2 2279 '
74 2275 176 2313 sunt
211 2270 513 2326 episcoporum
551 2268 770 2323 solemnia,
808 2284 898 2327 slye
938 2270 982 2311 in
1012 2267 1266 2311 celebrando
1296 2267 1352 2311 ba
1386 2268 1569 2321 tismate,

73 2326 164 2370 sive
203 2326 248 2368 in
290 2324 582 2368 consecrando
618 2324 859 2379 chrismate,
898 2325 991 2368 sive
1028 2326 1072 2367 in
1108 2323 1302 2367 docenda
1339 2338 1362 2366 c
1395 2324 1571 2366 ristiana

71 2380 213 2441 plebe.
272 2380 361 2425 Sed
403 2396 459 2424 ex
500 2387 647 2437 gestae
689 2381 751 2423 rei
796 2380 1152 2438 consyderatione
1200 2380 1373 2437 pensari
1447 2380 1572 2423 oterit

0 2456 3 2466 ’
73 2451 206 2482 causa
232 2437 303 2481 vel
331 2438 601 2494 imperatoris
620 2436 688 2480 vel
712 2436 825 2480 illius
855 2437 1049 2494 episcopi
1070 2435 1353 2479 Adelberonis
1373 2450 1424 2478 ve
1461 2442 1570 2479 cete-

0 2501 2 2505 '
71 2508 219 2537 rorum
248 2494 323 2551 qui
343 2501 443 2537 sunt
471 2495 516 2536 in
537 2500 657 2551 parte
677 2494 768 2536 eius
789 2493 1087 2536 contentionis.
1132 2492 1266 2535 Nam:
1297 2493 1429 2535 Beati
1443 2495 1569 2549 paci·
1583 2506 1767 2542 mnata.

62 2550 159 2606 fici,
217 2551 398 2593 uoniam
427 2552 518 2616 ipsi
547 2551 820 2594 vocabuntur
837 2550 932 2604 filii
960 2550 1059 2592 Dei.
1104 2547 1222 2605 Ergo
1254 2548 1454 2592 obsessus
1479 2553 1570 2591 erat

71 2605 144 2649 ille
178 2565 396 2649 Xdelbero
436 2621 481 2648 m
519 2606 770 2672 Wirziburg
809 2606 982 2648 civitate
1018 2605 1074 2648 ab
1110 2606 1380 2662 imperatore,
1412 2611 1454 2647 et
1482 2619 1570 2646 non

71 2667 241 2720 poterat
278 2660 365 2705 ulla
399 2663 563 2705 ratione
601 2662 756 2705 adduci
793 2662 849 2705 ad
885 2662 1006 2719 pacis
1044 2661 1329 2705 conditionem
1371 2661 1462 2703 sive
1493 2674 1571 2716 per

73 2718 217 2775 cpisco
252 2732 298 2760 os
335 2719 427 2760 sive
464 2733 542 2775 per
578 2719 795 2775 principes
834 2719 969 2773 regni,
1009 2718 1083 2775 qui
1112 2723 1233 2760 erant
1263 2731 1359 2759 cum
1389 2717 1570 2773 impera-

73 2778 178 2828 tore,
234 2774 366 2827 icens,
388 2789 433 2817 se
455 2773 629 2831 quidem
651 2788 777 2831 posse
798 2776 921 2828 mori,
951 2788 1037 2816 non
1057 2780 1199 2816 autem
1222 2772 1347 2826 flecti,
1379 2779 1426 2815 ut
1446 2770 1571 2814 vellet

71 2914 105 2951 ε)
126 2923 185 2945 nec
197 2918 342 2951 dignatur
351 2919 431 2946 scire
443 2919 526 2952 θην.
588 2918 619 2952 b)
642 2920 681 2945 ica
693 2919 813 2951 ἀφιῇ
835 2918 1081 2945 communionem
1102 2920 1128 2944 1.
1191 2917 1218 2950 c)
1236 2917 1309 2943 dem
1326 2917 1358 2948 ις
1379 2914 1418 2948 cs.
1430 2921 1454 2942 ε.
1468 2914 1570 2944 soah.
