1878 3308
322 266 395 301 »DE
423 266 633 302 UNITATE
662 267 932 302 ECCLESIAE
959 267 1330 302 CONSERVANDA.
1529 268 1571 302 71

65 380 172 439 fuit
189 395 286 424 cum
305 379 412 423 Levi
428 381 544 422 vitae
572 386 611 422 et
624 381 783 436 pacis,-
813 379 889 422 sed
915 395 995 422 vae
1009 380 1253 436 prophetie,
1283 381 1361 436 qui
1384 382 1573 437 prophe·
1586 390 1660 420 Mal.
1671 390 1740 425 2,⁵·

82 436 236 480 tabant
263 436 318 479 de
346 435 551 479 cordibus
581 438 690 490 suis,
714 443 761 479 ut
790 436 1078 491 interficerent
1107 437 1294 489 animas,
1326 451 1436 493 quae
1457 430 1789 496 non⁸n²fss¹¹i3⁸’⁸·

82 493 347 546 moriuntur,
382 498 421 536 et
457 492 733 547 vivificarent
768 494 954 546 animas,
995 508 1104 549 quae
1144 507 1231 535 non
1262 493 1427 546 vivunt,
1455 508 1571 535 men-
1666 490 1675 498 ⁶
1728 490 1735 497 “

79 549 233 593 uentos
267 548 436 605 populo
479 563 569 592 meo
607 550 800 592 credenti
836 549 1089 603 mandatis,·
1121 554 1305 605 propter
1341 549 1471 606 quod,
1514 549 1574 592 ait

81 604 310 659 Dominus,
351 618 376 647 o
407 604 664 658 sacerdotes,
708 612 747 647 et
781 620 859 661 eqo
895 604 998 647 dedi
1039 620 1113 647 vos
1157 604 1491 660 contemptibiles
1533 611 1572 647 et
1585 618 1789 655 Malnehjp.

82 660 266 704 limites
296 661 495 704 omnibus
519 676 582 718 po
617 661 716 703 ulis.
769 660 961 703 Tertium
990 659 1145 703 deinde
1205 660 1383 703 raelium
1409 661 1571 703 factum
1587 676 1676 704 1080.

75 722 145 761 oet
171 717 218 760 in
237 715 478 774 Thuringia
502 677 621 760 1085.
651 731 763 759 anno
792 717 847 760 ab
869 717 1164 760 incarnatione
1229 717 1376 770 omini,
1406 718 1446 761 6.
1466 717 1571 760 Idus

19 807 23 826 2
79 771 357 828 Februarii13
387 773 503 840 quod
539 772 702 816 scilicet
736 772 944 830 praelium
975 772 1188 816 alterutris
1217 773 1390 830 regibus
1417 788 1572 830 parum

17 863 21 865 -
78 843 287 887 prospere
305 835 446 883 eesmt,
475 830 678 887 quoniam
696 844 806 872 unus
825 829 1019 883 victoria,
1049 828 1157 872 alter
1177 828 1368 872 Saxonia
1387 830 1572 885 caruit²;

78 884 160 928 sed
189 885 343 929 eodem
370 899 482 928 anno
511 900 708 929 reversus
737 893 803 929 est
821 885 1067 929 Henrichus
1094 892 1416 952 expugnaturus
1437 885 1573 929 Saxo-

76 955 185 984 num
213 940 416 985 duritiam
446 947 490 985 et
516 948 714 999 quartam
753 942 840 984 iam
870 949 1019 985 contra
1047 957 1120 985 eos
1154 942 1339 985 instituit
1366 957 1571 1000 pugnam,

18 1047 19 1050 Ἴ
108 1011 190 1041 uae
226 997 342 1041 faeta
376 1004 442 1041 est
478 998 521 1040 4.
549 997 653 1041 Idus
684 997 886 1042 Octobris
896 1005 927 1053 ³,
989 998 1129 1040 nando
1159 1005 1202 1041 et
1230 998 1465 1041 Ruodolfus
1493 1014 1573 1042 rex

18 1067 19 1070 ’
78 1053 94 1096 i
125 1054 141 1096 i
168 1054 338 1097 occisus
366 1060 434 1097 est
462 1061 614 1111 quarto
643 1068 756 1097 anno
786 1069 892 1097 suae
922 1014 1213 1098 or‘iiinationis.
1271 1054 1344 1098 Sic
1378 1055 1448 1098 ille
1476 1069 1573 1112 pro—

78 1116 230 1154 vectae
265 1110 418 1154 aetatis
456 1111 526 1153 vir
559 1111 702 1154 amisit
729 1111 862 1154 vitam
903 1125 998 1154 cum
1028 1125 1160 1167 regno
1192 1111 1421 1166 Saxoniae,
1451 1112 1572 1154 cuius

11 1183 14 1188 ’
76 1166 312 1224 praecipue
340 1180 473 1224 opera
500 1173 598 1210 ante
629 1166 792 1224 aliquot
820 1182 955 1210 annos
975 1168 1079 1211 victi
1109 1174 1208 1210 sunt
1237 1166 1444 1222 Saxones,
1473 1182 1570 1210 cum

0 1236 14 1268 ,Ξ
76 1222 266 1279 primum
304 1223 546 1280 coepissent
582 1230 731 1266 contra
758 1239 900 1280 regem
932 1222 1196 1266 Henrichum
1226 1223 1445 1278 rebellare,
1472 1223 1573 1267 licet

0 1291 11 1334 ’ξ
77 1279 286 1322 maiorem
314 1280 529 1322 exercitus
558 1280 766 1322 iacturam
795 1280 1042 1346 acceperint
1068 1280 1254 1323 victores
1284 1294 1414 1336 quam
1443 1281 1569 1335 victi3

77 1334 197 1392 quod
224 1333 390 1379 seilicet
416 1336 606 1392 primum
634 1337 747 1392 regis
777 1335 987 1378 Hem-lehi
1014 1335 1226 1393 praelium
1257 1342 1406 1379 contra
1436 1335 1570 1379 Saxo·
1586 1347 1673 1374 10⁷⁵.

78 1404 156 1433 nes
194 1397 364 1457 gestum
400 1398 465 1434 est
499 1393 544 1434 in
574 1392 841 1448 Thuringia⁴
882 1406 994 1435 anno
1027 1392 1147 1435 1075.
1187 1391 1242 1434 ab
1278 1392 1571 1435 incarnatione

75 1445 270 1501 Dommi,
312 1447 352 1491 7.
380 1447 485 1490 Idus
514 1448 640 1490 Iunii.
698 1449 810 1491 Tum
884 1447 1029 1490 uidem
1070 1454 1162 1491 erat
1203 1447 1439 1491 Ruodolfus
1482 1448 1572 1491 dux

78 1501 337 1557 Suevorum,
366 1503 439 1547 cui
468 1505 598 1546 etiam
627 1504 805 1547 dederat
833 1463 991 1561 I-llagna
1019 1505 1270 1562 imperatrix
1309 1519 1407 1547 cum
1437 1519 1482 1547 re
1515 1519 1570 1548 no

75 1557 357 1616 Burgundiae
385 1559 517 1602 filiam
541 1575 662 1602 suam
691 1562 736 1602 in
757 1561 1020 1616 coniugium,
1050 1566 1098 1603 ut
1116 1562 1208 1617 regi
1230 1561 1461 1615 Henrieho,
1529 1562 1570 1604 io

75 1627 169 1669 suo,
199 1621 312 1658 esset
340 1622 459 1659 tanto
488 1616 669 1671 fidelior,
699 1623 857 1683 quanto
887 1617 1094 1660 affinitate
1123 1616 1249 1659 simul
1278 1624 1320 1660 et
1349 1616 1570 1660 beneficiis

15 1711 17 1714 .
73 1671 357 1715 coniunctior.
417 1671 504 1715 Sed
543 1674 618 1730 qui
654 1687 774 1729 pr1us
813 1673 953 1716 fuerat
994 1673 1194 1716 defensor
1228 1674 1397 1730 imperii
1440 1680 1569 1731 atque

0 1753 6 1779 ,ς
75 1725 210 1772 hostis
230 1727 467 1783 Saxonum,
497 1735 648 1786 postea
676 1728 815 1772 factus
843 1736 909 1772 est
937 1730 1109 1772 invasor
1138 1729 1306 1786 imperii
1333 1736 1463 1786 atque
1491 1745 1570 1773 rex

0 1804 12 1827 ιτ
75 1782 314 1842 Saxonum,
343 1789 392 1827 ut
418 1785 715 1842 praevalerent
741 1784 904 1842 praelia
932 1792 975 1828 et
1002 1786 1233 1828 seditiones
1263 1799 1425 1828 eorum.

0 1868 18 1927 Ξ
74 1839 761 1940 Ηοηὲῖἱιηῖθῖἓῗξὲοῗὲἒζῖἓω
782 1841 1373 1941 ῗᾶἒὲἒῗὲρῖἓὲἳὲἃιῖἓῖῗὲἓ
1402 1856 1459 1939 {1³
1460 1842 1571 1940 ‘²3³3

0 1928 22 2012 ξ
74 1958 204 2009 pacto
233 1959 380 2008 posset
397 1951 570 1996 flectere
597 1953 653 1996 ad
674 1913 1011 1996 misgricordiam
1031 1930 1373 1996 Hildebrandun'i
1396 1912 1568 2019 papam,
1584 1965 1671 1992 1081.

0 2017 24 2194 ι
75 2015 135 2074 ut·
158 2022 313 2066 pacem
349 2008 579 2066 aliquando
615 2008 689 2051 dili
722 2024 798 2051 ens
834 2009 1108 2051 misereretur
1149 2008 1218 2051 vel
1257 2008 1462 2051 eccleslae
1500 2008 1569 2051 vel

22 2103 25 2105 .
74 2077 137 2107 rs!
165 2063 377 2121 publicae,
409 2079 518 2122 quae
552 2066 638 2107 iam
708 2065 837 2107 udum
874 2065 1042 2108 fuerant
1074 2065 1118 2106 in
1146 2078 1303 2121 magna
1331 2064 1568 2108 defectione

74 2133 155 2177 pro
198 2120 448 2163 imminente
490 2119 698 2164 bellorum
741 2127 1007 2177 tempestate.
1066 2120 1189 2163 Tunc
1234 2119 1407 2186 quidem
1447 2125 1567 2176 gesta

25 2192 31 2227 T
74 2182 190 2229 sunt,
226 2190 337 2233 quae
371 2177 596 2233 superius⁵
635 2177 750 2219 dicta
784 2183 882 2219 sunt
917 2176 985 2219 vel
1021 2176 1074 2219 de
1109 2175 1338 2219 rebellione
1375 2191 1427 2219 ac
1465 2176 1567 2233 fuga

0 2190 26 2290 ξ
75 2230 361 2275 Hildebrandi
390 2246 529 2290 papae
558 2232 629 2275 vel
658 2232 710 2275 de
741 2234 1061 2275 consecratione
1091 2231 1319 2289 Wigberdi
1358 2233 1401 2274 in
1430 2233 1567 2289 ponti·

0 2290 28 2334 ’ἕ
74 2287 200 2332 ficem
238 2287 350 2331 sedis
393 2288 654 2345 apostolicae
692 2288 761 2332 vel
800 2289 853 2332 de
893 2289 1157 2331 ordinatione
1197 2288 1402 2331 Henricbi
1439 2290 1565 2345 regis,
1583 2301 1669 2330 1084.

0 2340 23 2403 ἔ,
107 2344 247 2387 nando
284 2344 423 2387 faetus
463 2352 528 2388 est
563 2346 797 2402 imperator
829 2351 873 2387 at
905 2360 956 2388 ue
986 2351 1194 2401 augustus
1235 2346 1356 2387 iuxta
1386 2343 1566 2401 disposi-

0 2397 28 2456 ζ’,
74 2358 234 2459 gonem
256 2399 476 2444 Romanae
505 2401 739 2458 dignitatis.
779 2401 851 2443 Ex
880 2417 894 2443 ι
928 2416 951 2443 o
981 2408 1173 2458 tempore
1202 2414 1315 2442 nunc
1345 2407 1409 2443 est
1428 2414 1564 2443 annus

7 2495 10 2507 ι
74 2483 254 2519 ⁸)dou01.

14 2543 25 2578 Ῐ
78 2547 119 2590 1)
142 2548 249 2592 Apud
267 2549 494 2583 Flarehheim
513 2560 546 2583 a.
564 2549 668 2583 1080.
708 2551 840 2584 Omnes
859 2550 920 2582 alii
938 2551 1128 2594 scriptores
1147 2549 1243 2582 illius
1262 2550 1389 2582 astatis
1416 2548 1488 2583 alio
1507 2548 1565 2582 die

19 2623 21 2626 .
75 2605 124 2631 oe
139 2597 355 2632 waltramus
381 2598 457 2631 vult
482 2598 654 2642 proelium
682 2600 908 2632 commissum
936 2610 1014 2632 esse
1037 2598 1177 2639 dicunt;
1211 2597 1257 2631 cf.
1279 2599 1403 2639 Brun„
1430 2598 1565 2640 Berth„

7 2641 23 2687 ’ς
79 2644 234 2686 Ekkeh„
267 2646 311 2681 A.
336 2647 502 2691 Erphssf.
603 2647 641 2688 2)
677 2648 762 2681 Post
794 2647 965 2691 proelium
1002 2646 1102 2680 multi
1133 2648 1312 2691 principes
1339 2647 1518 2681 Saxoniao
1544 2657 1566 2679 a

77 2690 233 2730 Rudolfo
260 2696 499 2729 desciverunt.
574 2697 611 2738 3)
637 2697 742 2740 Apud
770 2696 1038 2730 Hohenmulsen
1065 2706 1096 2728 s..
1123 2695 1228 2729 1080.
1280 2695 1335 2729 cf.
1362 2695 1564 2729 Brunonem

18 2759 19 2762 ¹
74 2741 161 2786 (88.
178 2743 223 2784 V,
242 2742 346 2785 881):
381 2743 531 2778 Factum
561 2751 610 2778 est
638 2749 753 2778 autem
779 2744 841 2778 hoc
861 2744 1039 2788 proelium
1064 2750 1229 2787 quartum
1256 2755 1350 2777 anno
1378 2743 1421 2776 ab
1447 2744 1563 2777 incar-

75 2790 220 2826 natione
246 2791 393 2826 Domini
412 2792 515 2833 1080,
543 2793 668 2827 Idibus
691 2792 845 2827 Octobris
860 2793 965 2836 feria
991 2795 1024 2826 ὃ.
1066 2793 1121 2827 cf.
1141 2793 1366 2835 Grandidier,
1393 2793 1565 2826 ‘Histoire

78 2838 256 2875 d’Alnee.
299 2841 470 2876 Preuves'
495 2842 545 2883 11,
572 2853 603 2886 p.
631 2841 711 2875 181.
739 2847 775 2876 et
800 2842 1015 2876 Bernoldum
1044 2842 1177 2882 (SSN,
1205 2854 1238 2885 p.
1254 2842 1362 2883 436J:
1390 2846 1421 2874 et
1442 2846 1565 2884 postea

80 2898 152 2922 uno
181 2888 238 2923 die
263 2895 449 2932 superstes,
485 2890 643 2924 omnibus
675 2889 749 2924 suis
783 2890 849 2925 rice
883 2890 1069 2932 ordinatis,
1103 2890 1150 2923 acl
1176 2890 1367 2924 Dominum
1396 2889 1566 2934 migrasse

76 2946 151 2971 non
175 2937 360 2972 dubitatur
384 2937 509 2972 Idibus
541 2938 704 2973 Octobris.
782 2940 822 2982 4)
847 2940 951 2984 Apud
979 2940 1211 2983 Hohenburg.
1288 2937 1327 2981 ὅ)
1355 2937 1394 2972 C.
1417 2938 1448 2971 7.
1476 2937 1497 2969 8
1517 2939 1564 2971 in.
