1878 3308
105 1156 131 1181 1.
144 1155 209 1183 1011.
221 1155 248 1189 s,
259 1156 305 1183 18.

155 1268 222 1303 eal,
239 1270 265 1303 1,
276 1270 304 1296 s.

135 1764 224 1793 Cant.
237 1765 264 1800 6,
276 1765 304 1792 8.

318 302 364 334 64
571 302 637 335 DE
663 300 874 334 UNITATE
902 299 1174 334 ECCLESIAE
1201 297 1571 334 CONSERVANDA.

317 414 685 470 Respondendum
717 419 777 455 est
805 414 935 455 etiam
965 413 1049 465 his,
1079 411 1230 468 inquit,
1261 413 1338 468 qui
1361 411 1638 467 spiritalibus
1659 425 1808 452 saecu-

316 471 450 524 laria,
481 471 643 513 divinis
674 470 872 511 humana
896 468 1196 524 praeferentes
1226 474 1263 509 et
1291 469 1364 510 ius
1385 466 1652 510 sacerdotale
1681 465 1810 509 laicis

317 527 586 569 substernere
616 524 815 579 volentes,
846 531 1185 581 conqueruntur,
1223 524 1495 566 Henrichum
1536 539 1565 565 a
1595 522 1808 580 Greqorio

317 584 407 625 sine
436 582 628 639 eoeemplo
659 583 928 624 damnatum.
988 580 1077 623 Sed
1105 587 1152 622 ut
1181 581 1490 635 querimoniae,
1518 579 1671 636 inquit,
1709 579 1809 628 huic

317 639 540 681 silentium
575 640 820 694 imponant,
855 637 1070 680 inclinent
1112 652 1242 679 aures
1277 636 1487 689 historiis,
1518 651 1650 693 quam
1680 649 1809 691 saepe

313 695 543 751 praesules
581 709 670 737 non
707 695 843 736 solum
884 694 1126 750 apostolici,
1167 693 1242 735 sed
1278 693 1408 735 etiam
1431 691 1732 747 provinciales
1760 692 1808 733 in

319 751 571 807 defensione
600 752 715 794 iuris
737 751 944 793 canonici
961 749 1106 807 regali
1134 751 1223 791 sive
1245 749 1528 804 imperatorio
1549 763 1637 790 non
1653 762 1808 804 peper-
1872 775 1878 778 -

318 814 470 849 cerunt
508 809 688 850 nomini.
746 806 876 860 Ecce,
909 821 1009 848 cum
1047 813 1206 862 quanto
1243 806 1335 861 agit
1363 803 1506 847 studio
1535 803 1810 860 pertinaciae,

318 869 366 905 ut
395 870 570 906 moveat
597 877 675 905 nos
705 877 731 904 a
761 861 975 904 soliditate
1003 862 1102 904 fidei
1133 867 1317 915 nostrae,
1347 861 1548 917 quatinus
1577 858 1811 903 introducti

318 919 386 962 vel
423 919 678 962 testimoniis
718 919 1025 975 scripturarum
1063 917 1133 960 vel
1162 917 1349 960 historiis
1378 931 1519 959 rerum
1552 915 1812 958 declinemus

319 975 373 1017 ad
409 982 575 1032 partem
618 976 685 1017 sui
716 975 914 1031 Gregorii
944 988 1097 1031 papae,
1141 989 1239 1016 cum
1275 974 1310 1016 is
1341 979 1456 1016 certe
1486 973 1679 1030 utrisque
1708 971 1812 1014 abu-

318 1038 446 1084 tatur,
475 1031 679 1075 vertendo
709 1030 816 1073 falsa
844 1031 1207 1087 interpretatione,
1242 1045 1327 1072 non
1356 1044 1458 1072 vera
1486 1029 1664 1083 ratione.
1724 1026 1812 1070 Sed

318 1087 422 1130 nulli
469 1088 620 1130 horum
668 1088 881 1130 credimus
929 1087 1144 1130 mediante
1185 1087 1293 1140 Deo,
1343 1085 1490 1143 quales
1538 1083 1813 1127 antichristos

320 1143 432 1186 dixit
460 1144 672 1186 Iohannes
710 1144 929 1201 apostolus
960 1143 1117 1186 multos
1156 1158 1271 1185 nunc
1304 1157 1397 1184 esse
1433 1142 1476 1183 in
1506 1140 1682 1195 mundo,
1712 1140 1814 1198 quia

319 1199 477 1242 Paulus
514 1200 746 1256 apostolus,
787 1215 864 1256 per
899 1214 1027 1257 quem
1063 1199 1254 1257 loquitur
1293 1198 1503 1250 Christus,
1545 1196 1648 1240 dicit
1683 1203 1726 1239 et
1768 1195 1814 1238 id

318 1255 506 1299 secundo
537 1257 708 1313 repetit:
744 1257 864 1298 Licet
894 1271 974 1298 nos
1005 1262 1082 1298 aut
1116 1256 1300 1312 anyelus
1331 1255 1383 1297 de
1411 1253 1528 1297 caelo
1549 1252 1815 1311 euanyelizet

318 1312 437 1356 vobis
462 1320 776 1369 praeterquam
815 1313 930 1369 quod
968 1312 1368 1368 euanyelizavimus
1407 1311 1541 1364 vobis,
1578 1310 1813 1352 anathema

318 1371 388 1412 sit.
431 1369 502 1410 Ex
533 1369 660 1411 huius
691 1375 806 1411 certe
835 1368 1119 1411 anathematis
1149 1367 1320 1410 vinculo
1351 1381 1477 1409 nemo
1506 1365 1616 1409 liber
1654 1365 1814 1419 existit,

317 1425 402 1468 nisi
447 1440 574 1482 quem
618 1424 758 1468 nullus
796 1439 914 1467 error
951 1424 1147 1477 involvit,
1185 1439 1236 1466 ac
1275 1423 1452 1480 perinde
1496 1423 1605 1465 sicut
1642 1427 1813 1464 sanctus

318 1481 407 1523 Leo
452 1496 566 1538 papa
611 1481 808 1524 scribit1:
857 1491 900 1525 Si
937 1502 1054 1525 omnes
1093 1491 1293 1525 sacerdotes
1332 1494 1363 1524 et
1401 1489 1556 1523 mundus
1596 1487 1812 1522 assentiatur

317 1542 509 1583 damnatis,
552 1542 735 1575 damnatio
774 1540 1023 1575 consentientes
1054 1539 1214 1581 involvit,
1251 1550 1325 1573 non
1349 1537 1697 1582 praevaricationem
1731 1548 1811 1571 con-

320 1607 442 1630 sensus
471 1595 629 1631 absolvit.
683 1585 773 1629 Sub
804 1586 1090 1628 damnationis
1120 1584 1293 1642 quidem
1324 1584 1533 1626 sententia
1551 1589 1662 1635 sunt,
1694 1587 1814 1639 quot-

319 1647 423 1698 quot
472 1641 695 1698 euangelio
748 1657 832 1684 non
888 1641 1112 1695 obediunt,
1163 1646 1373 1697 quotquot
1416 1640 1499 1682 Dei
1557 1638 1813 1681 ordinationi

318 1698 534 1751 resistunt,
574 1706 784 1755 quotquot
811 1700 855 1740 in
884 1698 1046 1740 unitate
1082 1697 1287 1739 ecclesiae
1317 1710 1402 1738 non
1437 1702 1549 1749 sunt,
1590 1696 1811 1752 quoniam:

328 1753 428 1796 Una
449 1760 521 1807 est,
543 1754 680 1810 inquit
699 1755 926 1802 Dominus,
950 1754 1146 1796 columba
1165 1769 1272 1806 mea,
1291 1752 1491 1808 perfecta
1509 1767 1619 1805 mea,
1643 1765 1730 1793 una
1749 1758 1815 1794 est

319 1809 426 1851 fides
448 1809 692 1864 christiana,
723 1825 831 1867 quae
852 1816 917 1852 est
937 1809 1159 1851 catholica.
1200 1807 1423 1851 Catholica
1441 1815 1585 1851 autem
1605 1809 1814 1851 veraciter
1845 1808 1847 1810 ’

321 1871 386 1908 est
414 1865 499 1918 illa,
541 1880 650 1922 quae
687 1866 741 1908 ab
781 1867 972 1908 omnium
1001 1865 1263 1922 perfidorum
1292 1870 1421 1921 atque
1450 1864 1506 1906 ab
1537 1878 1685 1906 eorum
1716 1879 1812 1907 suc·

320 1922 587 1965 eessoribusa
604 1923 872 1965 consortibus
888 1922 1066 1975 sincera,
1082 1936 1202 1977 pura,
1222 1920 1497 1963 immaculata
1512 1921 1813 1963 communione

321 1985 386 2020 est
426 1977 576 2024 divisa.
637 1979 724 2022 Sed
763 1978 833 2020 ille
873 1979 947 2035 qui
985 1978 1134 2020 scribit
1170 1983 1213 2020 et
1250 1977 1517 2031 testificatur,
1546 1991 1591 2018 se
1619 1977 1665 2019 in
1693 1983 1813 2034 parte

320 2035 385 2076 sui
417 2034 615 2090 Gregorii
654 2050 746 2078 esse
784 2041 825 2078 et
863 2040 1028 2091 partem
1068 2034 1202 2090 ipsius
1233 2032 1476 2087 defendere,
1510 2031 1594 2087 ille,
1625 2033 1813 2090 inquam,

319 2090 430 2144 talis,
453 2105 552 2133 cum
569 2092 624 2133 sit
643 2098 765 2134 extra
780 2090 1049 2144 catholicam,
1070 2089 1152 2132 hoc
1173 2095 1236 2132 est
1255 2089 1555 2143 universalem,
1575 2088 1813 2144 ecclesiam,

320 2147 482 2202 scribit,
514 2162 540 2188 a
572 2149 630 2190 ud
660 2162 752 2202 nos,
813 2147 858 2188 ui
887 2145 1085 2188 nolumus
1113 2146 1347 2203 participes
1378 2161 1470 2189 esse
1499 2147 1685 2202 partium
1719 2159 1814 2188 sua-

321 2218 428 2257 rum,
458 2203 548 2244 nihi
584 2202 726 2246 valere
756 2204 800 2245 ni
832 2202 947 2260 ilque
977 2202 1101 2244 nobis
1131 2202 1339 2259 proficere
1365 2209 1632 2245 sacramenta
1652 2200 1813 2244 Christi

321 2265 364 2301 et
393 2258 613 2314 ecclesiae,
652 2274 761 2316 quae
791 2267 890 2302 sunt
926 2260 1140 2315 baptisma
1177 2265 1220 2300 et
1250 2258 1435 2300 chrisma
1462 2264 1592 2315 atque
1621 2258 1812 2313 corporis

321 2320 363 2357 et
392 2316 613 2371 sanguinis
643 2316 820 2358 Domini
851 2316 1067 2371 mysteria,
1098 2322 1140 2356 et
1168 2314 1223 2356 ad
1251 2314 1498 2370 augendum
1527 2313 1652 2355 nobis
1681 2319 1812 2355 terro-

321 2386 410 2414 rem
440 2372 670 2414 introducit
691 2378 838 2414 contra
857 2386 933 2413 nos
952 2371 1240 2413 testimonium
1270 2371 1405 2412 sancti
1426 2369 1667 2424 Augustini,
1728 2368 1814 2412 uod

321 2441 413 2480 nos,
452 2429 526 2484 qui
557 2428 773 2471 credimus
804 2433 846 2468 et
875 2427 1130 2468 confitemur
1159 2432 1352 2468 sanctam
1382 2425 1606 2468 ecclesiam
1638 2432 1708 2468 cat
1738 2425 1812 2468 oli-

322 2496 429 2536 cam,
459 2490 704 2526 sanctorum
730 2483 1084 2535 communionem,
1116 2482 1410 2524 remissionem
1430 2487 1720 2538 peccatorum,
1749 2496 1811 2525 re-

319 2544 570 2594 torquemus
600 2555 622 2581 e
653 2540 822 2582 diverso
850 2538 895 2579 in
925 2553 1011 2591 eos,
1042 2539 1116 2594 qui
1145 2536 1460 2593 amplectuntur
1489 2552 1582 2580 esse
1616 2538 1661 2579 in
1691 2544 1812 2603 parte

321 2594 388 2636 sui
409 2594 619 2650 Gregorii.
663 2594 931 2651 Augustinus
945 2601 959 2623 ²
988 2595 1034 2635 in
1055 2607 1249 2635 sermone
1270 2593 1323 2636 de
1343 2593 1610 2651 blasphemia
1626 2593 1812 2650 Splritus

322 2651 477 2692 sancti:
509 2660 550 2694 Si
574 2673 794 2704 quemquam,
821 2651 896 2701 ait,
923 2665 1023 2694 eaetra
1041 2659 1219 2694 ecclesiam
1237 2671 1381 2693 suorum
1392 2659 1574 2702 poeniteat
1584 2665 1812 2703 peccatorum

320 2715 354 2744 et
370 2710 476 2744 huius
503 2711 594 2744 tanti
611 2710 763 2753 peccati,
789 2706 911 2753 quodb
932 2708 1069 2742 alienus
1087 2714 1137 2743 est
1163 2709 1207 2741 ab
1225 2708 1372 2742 ecclesia
1389 2708 1471 2751 Dei,
1497 2720 1557 2743 cor
1581 2708 1810 2752 impoenitens

320 2832 352 2866 a)
373 2840 583 2859 successorum
606 2826 782 2859 consortio?
901 2831 933 2866 b)
956 2839 1017 2864 quo
1040 2831 1113 2864 Auq.

324 2942 358 2982 1)
384 2941 522 2974 Locum
548 2940 642 2974 hunc
668 2951 738 2974 non
763 2941 895 2974 inveni.
997 2939 1035 2980 2)
1062 2939 1252 2983 Augustini
1279 2939 1398 2982 Opera
1425 2939 1468 2979 V,
1496 2949 1531 2982 p.
1560 2937 1642 2972 398.
