1878 3308
294 286 342 318 44
543 286 610 319 DE
637 285 850 319 UNITATE
877 284 1150 318 ECCLESIAE
1179 284 1547 319 CONSERVANDA.

295 400 428 441 ritum
448 413 584 453 neque
601 413 684 452 per
704 411 939 438 sermonem
962 411 1097 452 neque
1121 411 1206 452 per
1227 397 1454 452 epistotam
1483 403 1698 453 tanquam
1710 412 1801 454 per

298 469 378 496 nos
408 455 600 495 missam.
654 453 862 495 Omnibus
894 458 1050 506 autem,
1082 454 1159 508 qui
1189 454 1398 495 invocant
1427 468 1579 495 nomen
1610 454 1797 496 Domini

83 529 282 564 1.cor.1‚2.3.
299 511 442 552 nostri
471 511 518 551 in
542 510 660 551 omni
688 509 778 550 loco
810 510 1009 564 ipsorum
1040 514 1078 550 et
1098 515 1259 562 nostro,
1290 511 1440 565 qratia
1472 515 1510 550 et
1522 524 1624 565 pax
1651 525 1680 551 α
1700 510 1801 552 Deo·

291 573 425 622 patre
463 571 609 608 nostro
646 571 684 606 et
725 565 898 607 domino
930 565 1030 606 Iesu
1065 564 1246 607 Christo.
1306 564 1404 607 Hoc
1434 566 1604 622 signum
1635 564 1798 619 salutis,

299 636 407 679 quae
447 622 501 663 ab
539 620 734 677 apostolo
773 619 898 662 nobis
940 627 1111 677 optatur
1148 627 1189 662 et
1228 635 1254 662 a
1291 620 1387 663 Deo
1426 622 1701 678 promittitur,
1741 620 1802 663 ab

297 684 472 720 auctore
503 677 749 733 propositae
778 692 801 719 e
833 675 984 719 istolae
1006 675 1131 718 nobis
1153 676 1429 731 subtrahitur,
1459 678 1598 734 gratia
1621 677 1799 731 scilicet,

328 750 384 776 ua
422 733 546 776 nobis
586 739 766 789 peccata
801 691 1025 786 Honentur,
1061 747 1162 789 an,
1194 747 1279 789 qua
1308 733 1405 775 Deo
1434 733 1801 777 reconciliemura.

297 749 423 834 {Inde
463 796 504 832 et
543 790 636 846 ipse
670 789 788 831 venit
821 788 985 845 absque
1022 788 1216 831 doctrina
1257 788 1428 842 Christi,
1469 790 1544 847 qui
1574 789 1798 846 praecipit,

297 860 449 903 pacem
465 846 605 902 primo
622 845 889 888 auditoribus
915 846 1110 902 proponi,
1132 845 1347 902 quoniam,
1369 846 1481 888 sicut
1499 860 1577 902 per
1591 846 1799 888 Hesaiam

84 903 554 959 canaam-prophetam
593 901 761 955 dicitur,
801 915 908 957 opus
948 901 1134 944 iustitiae
1176 908 1240 943 est
1273 916 1362 957 pax
1403 908 1445 944 et
1474 902 1635 944 fructus
1666 901 1801 944 labio·

104 951 255 984 ⁶‘⁵⁷⁷¹⁹'
298 974 394 1001 rum
432 958 516 1000 Dei
557 972 645 1014 pax
688 963 731 1000 et
769 956 981 1000 hereditas
1022 956 1227 999 ecclesiae
1267 965 1332 1000 est
1367 972 1468 1014 pax.
1528 958 1616 1000 Sed
1651 963 1801 1000 contra

299 1014 517 1057 Christum
549 1020 592 1056 et
620 1013 844 1056 ecclesiam
874 1013 995 1067 facit,
1022 1014 1215 1070 quisquis
1245 1021 1391 1056 contra
1420 1028 1571 1070 pacem
1601 1014 1717 1066 facit,
1747 1013 1799 1056 de

299 1085 482 1128 quorum
520 1085 699 1112 numero
744 1085 837 1112 esse
882 1069 1143 1123 ostenditur,
1185 1070 1272 1126 qui,
1311 1076 1461 1126 utpote
1500 1070 1569 1112 fur
1612 1077 1654 1113 et
1692 1069 1799 1112 latro

299 1126 472 1168 aliunde
508 1127 672 1168 intrans
710 1126 765 1168 ad
804 1125 1022 1168 doctrinae
1060 1125 1262 1179 studium,
1302 1141 1430 1182 quam
1459 1141 1538 1183 per
1567 1126 1799 1180 Christum,

300 1184 375 1239 qui
406 1188 471 1225 est
501 1183 671 1236 ostium,
703 1196 786 1239 quo
816 1182 873 1223 ad
894 1181 1072 1225 salutem
1093 1184 1288 1235 intratur,
1317 1189 1447 1239 negat
1474 1183 1519 1224 in
1539 1184 1634 1239 ipso
1653 1181 1800 1224 limine
1844 1188 1846 1190 ’

299 1240 537 1295 scripturae
581 1253 696 1292 suae,
743 1238 860 1294 quod
898 1238 1001 1281 velit
1045 1240 1133 1281 suis
1172 1237 1442 1281 auditoribus
1485 1238 1799 1292 salutationem,

301 1310 411 1352 quae
453 1295 577 1338 iuxta
619 1295 909 1337 testimonium
954 1294 1070 1337 beati
1106 1295 1341 1351 Augustini
1384 1310 1410 1337 a
1452 1295 1588 1338 salute
1629 1294 1800 1348 dicitur,

300 1351 574 1406 annuntiare3
607 1351 679 1407 qui
709 1350 851 1392 adhuc
881 1352 1187 1393 contentiosius
1216 1365 1345 1407 agere
1376 1350 1595 1408 probatur,
1626 1350 1800 1416 quando

300 1407 356 1449 ad
396 1407 711 1450 confirmandas
756 1408 1099 1449 scismaticorum
1141 1408 1304 1464 pariter
1346 1415 1474 1464 atque
1513 1406 1800 1450 heretlcorum

299 1469 443 1519 partes
478 1464 723 1506 testimonia
762 1464 924 1506 Sacrae
957 1463 1204 1520 Scripturae
1242 1463 1342 1505 hinc
1379 1463 1479 1506 inde
1510 1462 1800 1506 contrahendo

299 1520 478 1573 furatur,
508 1526 556 1562 ut
583 1520 628 1560 in
656 1519 822 1562 insidiis
853 1526 895 1562 et
918 1520 1039 1576 quasi
1069 1534 1147 1576 per
1166 1519 1389 1562 latrocinia
1408 1519 1618 1577 quaedam
1639 1518 1803 1562 incauti

303 1576 585 1632 decipiantur,
621 1576 876 1632 Gregorius,
893 1576 1043 1632 inquit,
1066 1577 1350 1619 Innocentius
1371 1583 1410 1617 et
1429 1591 1632 1632 sequaces
1652 1591 1800 1619 eorum

303 1647 446 1674 omnes
462 1632 648 1687 fortiter
676 1633 930 1688 improbant
960 1632 1178 1688 quodlibet
1207 1632 1476 1674 sacerdotale
1507 1632 1701 1688 officium
1744 1632 1798 1674 ab

303 1689 482 1730 eeclesia
512 1694 829 1742 separatorum.

416 1744 455 1786 3.
514 1744 643 1798 Ecce,
676 1743 890 1799 quomodo
921 1742 990 1785 ille
1020 1744 1214 1785 minister
1243 1742 1417 1796 diaboli,
1449 1757 1548 1786 ecce
1580 1743 1799 1800 quomodo

301 1799 473 1853 insanit,
517 1800 732 1856 quomodo
771 1814 851 1842 nos
890 1814 1035 1841 secum
1075 1801 1120 1841 in
1149 1799 1319 1842 foveam
1347 1799 1602 1855 perditionis
1631 1800 1800 1843 mittere
1847 1802 1850 1805 ’

333 1857 482 1910 uaerit,
522 1856 596 1912 qui
640 1856 756 1912 apud
798 1857 851 1898 13
890 1862 1055 1898 tantum
1099 1862 1174 1898 aut
1215 1854 1345 1912 paulo
1385 1856 1530 1912 plures
1573 1856 1799 1912 episcopos

302 1870 587 1954 {Iildebrandi
617 1926 754 1968 papae
786 1911 936 1954 scribit
965 1918 1114 1955 sancta
1132 1912 1218 1954 Dei
1239 1926 1330 1954 esse
1361 1911 1611 1963 sacerdotia,
1642 1919 1800 1955 cetero-

302 1983 398 2010 rum
440 1975 597 2021 autem,
641 1969 714 2024 qui
754 1974 854 2010 sunt
895 1983 973 2024 per
1012 1967 1161 2011 orbem
1197 1974 1419 2022 terrarum,
1465 1969 1703 2011 sacerdotia
1743 1967 1798 2010 ab

302 2024 485 2067 ecclesia
513 2024 599 2066 Dei
635 2039 729 2067 esse
766 2030 976 2080 separata,
1015 2039 1113 2066 cum
1151 2031 1266 2066 certe
1304 2039 1390 2066 non
1425 2023 1562 2066 solum
1598 2023 1800 2082 Gregorii

301 2087 345 2122 at
376 2096 429 2122 ue
449 2081 690 2122 Innocentii
719 2081 1023 2135 testimonium,
1054 2081 1130 2123 sed
1151 2081 1342 2122 omnium
1364 2087 1607 2124 sanctorum
1628 2086 1799 2137 patrum

300 2137 346 2178 iu
378 2138 509 2178 icium
528 2137 761 2179 concordat
781 2152 879 2179 cum
899 2138 1110 2180 sententia
1128 2136 1242 2179 beati
1262 2136 1297 2179 O
1329 2137 1470 2194 priani
1491 2138 1698 2194 episcopi,
1715 2151 1800 2193 qua

301 2199 500 2235 testatur¹
523 2195 568 2234 in
583 2192 693 2235 libro
710 2193 763 2235 de
780 2194 943 2235 unitate
960 2192 1178 2246 ecclesiae,
1197 2207 1282 2249 quo
1329 2193 1493 2236 alienus
1509 2194 1576 2246 sit,
1591 2193 1799 2249 profanus

303 2251 370 2303 sit,
391 2249 525 2291 hostis
551 2250 619 2302 sit,
645 2250 761 2306 quod
781 2249 925 2292 Deum
950 2256 1116 2305 patrem
1136 2249 1294 2292 habere
1314 2263 1400 2291 non
1420 2250 1589 2306 poterit,
1617 2249 1691 2305 qui
1710 2263 1799 2291 non

301 2311 417 2347 tenet
445 2306 652 2347 unitatem
683 2304 903 2359 ecclesiae,
935 2320 1063 2362 quam
1090 2312 1402 2361 consequenter
1431 2305 1561 2346 etiam
1591 2304 1798 2347 describit

300 2376 433 2403 unum
455 2360 742 2403 sacerdotium
762 2361 932 2404 habere.
984 2371 1080 2404 Nam
1105 2375 1144 2404 ut
1169 2371 1347 2412 unitatem,
1372 2360 1523 2416 inquit,
1553 2369 1798 2413 manifestaret

300 2421 488 2462 Dominus,
516 2420 663 2454 unitatis
690 2421 764 2455 eius
791 2421 961 2462 originem
988 2420 1032 2452 ab
1059 2431 1129 2453 uno
1155 2419 1377 2462 incipientem
1401 2432 1470 2453 sua
1490 2420 1697 2453 auctoritate
1722 2420 1794 2454 dis·

295 2471 430 2512 posuit,
470 2475 501 2503 et
534 2469 621 2512 quia
657 2475 758 2503 erant
792 2470 911 2512 utique
945 2474 976 2503 et
1008 2468 1110 2502 ceteri
1143 2468 1293 2511 apostoli
1325 2470 1420 2511 quod
1444 2469 1524 2511 fuit
1547 2468 1686 2508 Petrus,
1706 2469 1796 2512 pari

301 2518 474 2552 consortio
502 2517 663 2561 praedici
696 2523 727 2552 et
762 2518 903 2552 honoris
939 2522 969 2551 et
989 2517 1183 2560 potestatis,
1216 2517 1401 2550 exordium
1427 2517 1470 2551 ab
1497 2517 1631 2550 unitate
1650 2517 1793 2560 profici-

300 2567 423 2609 scitur,
453 2572 490 2600 ut
515 2566 660 2600 ecclesia
686 2579 760 2600 una
785 2571 1006 2608 monstretur,
1032 2577 1138 2608 quam
1164 2565 1291 2599 scilicet
1317 2566 1486 2600 unitatem
1511 2570 1625 2600 tenere
1641 2565 1796 2609 firmiter

300 2627 332 2656 et
357 2622 540 2655 vindicare
559 2621 722 2655 debemus
743 2621 894 2655 maxime
910 2633 986 2663 nos,
1012 2611 1164 2667 ianit‚
1195 2620 1358 2664 episcopi,
1384 2621 1446 2663 qui
1471 2619 1509 2654 in
1527 2620 1672 2654 ecclesia
1682 2632 1793 2663 prae-

299 2676 466 2715 sidemus,
493 2680 531 2708 ut
557 2677 793 2719 episcopatum
818 2687 954 2719 quoque
980 2688 1090 2709 unum
1116 2680 1219 2718 atque
1243 2675 1437 2708 indivisum
1456 2675 1658 2719 probemus.
1705 2663 1793 2708 Sed

299 2719 556 2764 Hildebrant
591 2736 705 2778 papa
742 2724 803 2763 sic
831 2721 978 2763 divisit
1006 2722 1133 2763 etiam
1163 2719 1402 2763 sacerdotia
1431 2720 1793 2777 quemadmodum

300 2836 330 2870 a)
352 2838 392 2863 aie
410 2841 484 2870 puto
505 2838 682 2863 scribendum
703 2844 777 2869 esse3
804 2837 1044 2862 reconcilientur
1067 2838 1091 2861 1.

301 2931 339 2975 1)
367 2933 420 2967 Cf.
450 2933 618 2978 Cypriani
645 2933 775 2976 Opera,
802 2942 836 2976 p.
865 2931 947 2965 212.
967 2932 1049 2965 213,
