1878 3308
322 286 390 318 146
564 286 630 318 DE
657 284 869 318 UNITATE
897 283 1170 318 ECOLESIAE
1199 283 1567 318 CONSERVANDA.

317 400 527 445 quibuslibet
554 400 753 434 errantibus
779 400 1074 443 reprehendenda
1098 403 1193 441 sunt,
1219 400 1282 434 sed
1307 411 1406 433 error
1429 400 1602 444 ipsorum,
1627 398 1667 432 in
1689 399 1815 443 quibus

318 456 349 484 et
371 450 584 484 sacramenti
608 449 793 494 integritas
816 450 1012 483 honoratur
1037 454 1069 482 et
1085 449 1209 482 mentis
1235 449 1378 482 vanitas
1399 450 1618 483 emendatur.

429 496 469 538 3.
499 495 686 537 Proinde
708 493 906 537 Clemens
927 507 1042 550 papa
1062 495 1207 549 arguit
1227 508 1312 547 eos,
1335 495 1409 550 qui
1430 493 1552 537 aliter
1568 492 1748 536 credunt
1762 493 1815 535 de

317 551 422 607 ipsis
441 551 720 592 sacramentis
739 549 898 592 Christi
914 557 956 592 et
972 548 1190 603 ecclesiae,
1206 556 1455 604 asserentes,
1476 565 1528 593 ea
1543 555 1665 593 extra
1684 549 1816 592 eccle-

318 610 427 650 siam
457 612 725 649 sacramenta
754 621 840 648 non
861 621 967 661 esse,
1000 607 1072 663 qui
1104 607 1245 660 etiam,
1276 620 1372 647 eum
1401 606 1532 648 fidem
1562 605 1815 648 catholicam

318 678 404 706 non
441 663 640 716 habeant,
680 677 775 705 sese
811 662 1045 705 catholicos
1085 661 1318 719 appellant,
1359 667 1523 705 ceteros
1552 668 1711 716 autem,
1741 662 1816 719 qui

317 719 451 762 multo
482 720 640 762 rectius
671 733 801 776 quam
831 720 916 776 ipsi
946 718 1138 772 credunt,
1169 718 1380 761 hereticos
1401 725 1531 776 atque
1551 718 1816 760 scismaticos

318 790 411 818 esse
441 775 691 818 diiudicant.
750 775 989 818 Sciendum
1019 790 1133 829 vero,
1162 775 1375 832 inquiunt,
1405 775 1522 831 quod
1545 774 1814 832 Wiqbertus¹

319 833 472 889 aryuit
509 831 743 875 catholicos
783 846 975 875 asserere
1015 831 1095 873 illa
1130 847 1242 887 quae
1268 831 1392 886 fiunt
1431 838 1558 874 eoetra
1595 830 1818 874 eeclesiam

318 895 598 931 sacramenta
637 903 727 931 non
766 903 854 930 esse
891 903 969 931 nee
1007 887 1135 931 aliud
1173 895 1331 944 quam³
1361 889 1688 930 damnationem
1724 888 1815 928 eui-

319 960 451 1001 quam
476 945 689 1001 conferre,
721 951 938 998 astruens,
967 950 1058 987 tam
1087 950 1211 986 extra
1243 959 1374 1001 quam
1403 945 1528 986 intra
1558 942 1815 986 catholicam

319 1000 542 1043 ecclesiam
574 1001 678 1043 haec
709 1003 858 1043 omnia
891 1006 994 1043 rata
1033 1007 1071 1042 et
1099 1015 1201 1043 vera
1230 1002 1424 1054 eoeistere,
1465 1001 1730 1055 assumitque
1767 999 1816 1041 in

321 1058 604 1100 testimonium
636 1058 894 1100 assertionis
923 1072 1030 1099 suae
1059 1056 1306 1113 Auyustini
1342 1058 1600 1099 sententiam
1636 1056 1684 1097 in
1714 1069 1815 1112 quo-

323 1113 424 1155 dam
454 1119 649 1156 tractatu
677 1115 727 1156 in
757 1113 1036 1171 euanqelium
1055 1113 1273 1155 Iohannis
1302 1119 1457 1156 contra
1478 1113 1819 1169 rebaptizatores

322 1169 483 1211 editam
497 1177 526 1210 ².
572 1169 656 1211 ‘Ita
685 1171 816 1226 erqo',
846 1170 992 1226 inquit
1016 1169 1309 1227 Auyustinus‚
1340 1173 1430 1212 ‘nec
1446 1169 1573 1224 foris
1601 1170 1714 1211 sicut
1741 1182 1818 1211 nec

322 1226 445 1267 intus
485 1227 717 1282 quisquam
756 1227 833 1282 qui
871 1241 924 1268 ea:
954 1231 1086 1282 parte
1123 1225 1290 1268 diaboli
1318 1231 1380 1268 est
1402 1231 1544 1281 potest
1583 1224 1649 1267 vel
1684 1224 1734 1266 in
1773 1238 1819 1266 se

322 1281 387 1323 vel
424 1283 474 1323 in
505 1297 723 1338 quoquam
757 1282 982 1324 maculare
1022 1288 1357 1332 sacramentum,
1388 1281 1506 1338 quod
1538 1281 1704 1325 Christi
1731 1281 1817 1322 est'.

326 1335 467 1386 Quam
510 1345 549 1379 et
589 1353 682 1392 nos,
727 1338 941 1394 inquiunt,
995 1339 1253 1381 sententiam
1281 1338 1476 1392 fideliter
1519 1337 1819 1394 amplectentes

321 1394 647 1450 respondemus,
678 1395 755 1436 hoo
776 1394 1077 1452 Augustinum
1107 1394 1159 1436 de
1185 1394 1286 1449 solo,
1317 1395 1433 1437 unde
1461 1400 1565 1437 tunc
1592 1393 1819 1451 ayebatur,

323 1448 528 1504 baptismi
564 1451 730 1492 dixisse
766 1458 1052 1493 sacramento.
1109 1450 1266 1493 Notate
1303 1449 1498 1506 obsecro,
1533 1454 1679 1492 notate
1707 1455 1821 1492 utro-

322 1519 504 1562 rumque
524 1504 669 1560 verba,
700 1512 748 1548 ut
776 1508 938 1563 pariter
966 1506 1241 1564 proficiamus
1269 1507 1316 1549 in
1334 1506 1420 1549 fide
1442 1505 1673 1560 catholica3
1703 1504 1820 1562 quod

322 1561 447 1604 nobis
467 1568 684 1618 praestare
705 1563 906 1619 dignetur
935 1564 1009 1621 qui
1030 1564 1121 1607 sine
1141 1563 1226 1606 fine
1246 1563 1354 1606 vivit
1383 1570 1426 1606 et
1453 1561 1627 1620 regnat!
1664 1561 1817 1604 Amen.

323 1668 355 1703 a)
377 1671 514 1703 aliquam
538 1673 573 1703 13
593 1672 643 1697 sed
661 1671 700 1704 ef.
723 1669 803 1704 Jqffe'
826 1672 856 1702 V,
877 1679 909 1704 p.
934 1672 1001 1698 14⁷.

327 1765 362 1807 1)
390 1765 446 1800 Of.
472 1765 534 1800 lib.
560 1766 611 1810 11,
653 1777 685 1799 c.
712 1767 745 1801 4.
847 1766 887 1810 2)
914 1766 970 1800 Cf.
996 1766 1186 1810 Augustini
1213 1768 1332 1810 Opera
1357 1767 1423 1806 IV,
1449 1777 1485 1810 p.
1514 1765 1596 1801 124.

649 2084 949 2128 ADDENDA
979 2085 1057 2127 ET
1089 2083 1495 2128 CORRIGENDA.

425 2170 460 2202 p.
480 2158 513 2200 2,
540 2169 574 2192 n.
598 2159 630 2191 1.
650 2158 726 2192 dele
751 2159 824 2200 ΙΙΙ,
848 2160 878 2192 1.
907 2177 951 2182 -
979 2170 1014 2201 p.
1036 2158 1056 2190 8
1078 2169 1148 2200 pro
1174 2158 1218 2191 ‘et
1234 2158 1395 2201 fortasse
1419 2157 1499 2191 ideo
1525 2157 1596 2191 ait.-
1619 2155 1701 2191 παῖ’
1727 2158 1819 2202 lege.-

326 2211 358 2242 et
373 2207 534 2250 fortasse
559 2207 651 2249 ideo,
678 2209 740 2250 ait,
766 2219 851 2241 non.
876 2226 920 2232 —
943 2219 978 2251 p.
997 2207 1053 2241 14.
1083 2207 1131 2240 ad
1157 2208 1356 2240 Domitium
1376 2217 1472 2250 pone
1496 2212 1636 2240 notam.-
1660 2207 1713 2241 Re
1731 2217 1818 2240 vera

326 2257 367 2290 L.
394 2257 556 2290 Licinius
582 2257 746 2291 Crassus.
785 2256 856 2290 Sed
884 2257 975 2290 haec
1003 2267 1045 2288 ex
1071 2256 1282 2299 Hieronymi
1310 2267 1365 2300 ep.
1390 2256 1448 2297 52,
1477 2256 1509 2289 7.
1537 2255 1701 2289 desumta
1725 2260 1818 2296 sunt,

324 2306 387 2339 ubi
411 2306 483 2338 iam
509 2305 605 2339 idem
632 2316 739 2339 error.
