1878 3308
205 521 260 548 Es.
277 521 304 555 3,
317 521 344 548 4.

253 915 341 943 1086.

135 1369 339 1403 ef.Gen.4,10.

253 1427 338 1455 1078.

364 287 408 319 70
606 288 673 321 DE
700 288 912 322 UNITATE
939 288 1213 322 ECCLESIAE
1241 287 1610 323 CONSERVANDA.

359 400 456 444 dem
485 401 634 443 castris
664 400 890 457 Egberdus
920 399 1110 443 marchio
1148 407 1190 443 et
1217 400 1295 443 filii
1323 399 1409 442 duo
1440 400 1614 444 Ottonis
1644 402 1856 446 Bavariae

359 457 574 513 quondam
603 457 739 512 ducis,
770 456 916 515 quales
946 457 1051 499 dicit
1079 456 1292 499 Dominus
1330 471 1407 513 per
1434 456 1642 500 Hesaiam
1672 458 1854 515 prophe-

358 520 444 555 tam
473 512 720 569 praevalere
749 519 924 570 propter
952 519 1131 570 peccata
1159 511 1440 569 populorum:
1468 514 1612 567 Dabo,
1641 514 1854 571 inquiens,

352 585 516 626 pueros
577 571 770 627 rincipes
800 585 958 612 eorum.
1017 569 1220 612 Ceterum
1251 569 1371 611 curia
1406 568 1498 612 sive
1557 569 1733 613 alatium
1763 577 1854 614 erat

356 626 472 682 apud
501 585 762 683 ngtvigum
799 625 963 668 dictum
1000 624 1414 681 Magadaburgensis
1454 639 1529 668 ecc
1547 627 1659 669 esiae
1687 628 1851 684 episco-

356 696 473 738 pum,
504 682 595 725 sive
624 683 740 738 apud
770 681 1040 724 Burcardum
1069 680 1466 724 Halberstatensem
1496 682 1759 740 episcopum,
1788 689 1849 736 ut,

357 737 460 780 dum
489 738 685 795 episcopi
703 738 965 781 transferunt
984 737 1173 780 studium
1202 744 1330 795 atque
1350 736 1620 794 disciplinam
1642 738 1849 782 ecclesiae

355 794 413 836 ad
449 795 623 849 curiam,
665 809 773 852 quae
808 794 966 837 dicitur
1002 809 1030 836 a
1067 808 1230 849 cruore,
1268 793 1575 851 praedicantes,
1617 793 1777 837 bonum
1807 804 1849 839 et

355 851 515 892 iustum
551 865 644 893 esse
679 850 842 907 praelia
881 857 924 893 et
961 850 1192 892 seditiones
1232 850 1324 892 fieri
1361 864 1439 906 pro
1478 865 1557 892 sua
1591 855 1725 907 parte,
1760 865 1848 894 non

355 913 582 949 vereantur
607 906 705 949 laici
733 913 775 950 et
803 906 887 963 ipsi
907 906 1096 949 crudelia
1125 921 1265 962 agere.
1311 905 1435 955 Nam,
1460 906 1604 948 iuncto
1626 906 1846 950 Saxonum

354 969 399 1006 et
416 962 735 1019 Thuringorum
763 970 893 1020 atque
915 962 1154 1005 Suevorum
1181 963 1365 1018 agmine,
1427 970 1635 1018 ugnatum
1655 969 1720 1006 est
1747 968 1849 1005 tunc

354 1019 400 1061 in
437 1019 631 1062 orientali
660 1019 845 1062 Francia
880 1025 1028 1062 contra
1065 1019 1366 1075 imperatorem
1396 977 1664 1061 {Ienriehum
1699 1019 1849 1077 quinta

354 1076 440 1118 iam
470 1076 615 1130 vice13
646 1074 700 1117 de
730 1090 815 1133 qua
845 1074 1009 1118 scilicet
1036 1089 1186 1132 pugna
1214 1075 1259 1116 in
1289 1074 1567 1140 sequentibus
1603 1075 1746 1118 dicere
1775 1075 1848 1119 de-

355 1132 588 1186 crevimus,
635 1131 805 1189 quando
852 1131 904 1173 de
951 1130 1168 1174 Alberone
1213 1129 1594 1187 Wirtmburgensis
1643 1130 1847 1175 eeclesiae

353 1189 556 1245 episcopo
587 1202 696 1245 quae
725 1188 781 1230 ad
800 1188 943 1244 ipsum
995 1202 1136 1245 uoque
1156 1188 1371 1244 pertinent
1389 1187 1696 1242 enarrabimus,
1725 1188 1847 1230 cuius

353 1244 584 1300 praecipue
622 1258 752 1287 eausa
789 1250 890 1287 tunc
928 1259 951 1286 e
1015 1259 1087 1286 sus
1125 1250 1190 1286 est
1224 1245 1399 1298 sanguis
1435 1242 1666 1286 multorum
1695 1243 1739 1285 in
1768 1244 1847 1286 cir-

354 1300 471 1342 cuitu
510 1299 623 1342 illius
663 1301 861 1352 civitatis,
902 1300 975 1357 qui
1013 1298 1175 1341 scilicet
1212 1300 1386 1355 sanguis
1422 1300 1662 1342 occisorum
1691 1299 1849 1343 clamat

382 1356 669 1399 uodammodo
719 1357 777 1398 ad
827 1356 1063 1398 Dominum
1119 1369 1199 1413 pro
1247 1356 1438 1398 vindicta
1493 1356 1602 1398 tanti
1660 1355 1845 1398 sceleris.

387 1413 586 1470 uperiore
626 1413 754 1456 etiam
797 1419 989 1469 tempore
1031 1417 1315 1468 temptaverat
1356 1411 1470 1453 idem
1510 1410 1729 1455 Adalbero
1774 1427 1847 1455 ex-

351 1484 545 1526 pugnare
588 1469 883 1526 episcopatum
926 1483 1064 1522 suum,
1109 1482 1238 1525 quem
1281 1468 1361 1510 sub
1401 1482 1504 1524 rege
1548 1482 1624 1510 suo
1662 1467 1846 1511 Rudolfo

350 1526 542 1582 recipere
572 1526 773 1581 cupiebat
802 1531 949 1567 contra
978 1539 1123 1581 regem
1143 1523 1424 1578 Henrichum,
1453 1523 1668 1581 ideoque²
1698 1539 1849 1566 seeun-

352 1581 456 1623 dum
498 1582 582 1624 iam
627 1580 841 1638 praelium
889 1589 1015 1623 atrox
1061 1581 1188 1622 nimis
1237 1586 1278 1623 et
1327 1579 1496 1623 crudele
1544 1587 1848 1636 pugnaverunt

353 1638 548 1680 Saxones
579 1644 728 1680 contra
758 1637 941 1679 eundem
970 1652 1117 1692 regem
1136 1635 1404 1679 Henrichum
1433 1637 1478 1678 in
1499 1635 1696 1678 orientali
1715 1636 1846 1679 Fran-

352 1694 459 1748 cia³,
498 1708 609 1736 anno
646 1693 808 1735 scilicet
838 1693 961 1735 1078.
991 1693 1046 1735 ab
1076 1693 1366 1735 incarnatione
1395 1692 1586 1744 Domini,
1617 1691 1655 1734 7.
1686 1693 1845 1735 mensis

349 1748 551 1806 Augusti,
579 1748 655 1791 ubi
683 1748 892 1792 Rudolfus
922 1764 1000 1791 rex
1028 1749 1201 1803 fugatus
1230 1753 1295 1790 est
1323 1755 1365 1791 et
1395 1747 1636 1804 Sigefridus
1666 1748 1848 1805 Mogun-

350 1807 465 1848 tinae
508 1805 713 1848 ecclesiae
756 1805 1100 1861 archiepiscopus
1144 1805 1188 1845 in
1231 1804 1335 1860 fuga
1379 1810 1530 1859 eaptus
1579 1810 1623 1847 et
1669 1805 1745 1846 vix
1792 1805 1846 1847 de

351 1862 582 1918 suspendio
618 1861 824 1904 liberatus
853 1868 983 1918 atque
1023 1860 1223 1902 dimissus
1253 1867 1329 1902 est.
1388 1859 1637 1903 Wezelinus
1673 1875 1758 1918 quo
1791 1876 1844 1904 ue

351 1917 796 1974 Parthenopolitanae,
826 1917 908 1960 hoc
939 1923 1004 1959 est
1022 1915 1451 1972 Magadaburgensis,
1481 1917 1688 1959 ecclesiae
1711 1931 1784 1959 arc
1816 1918 1847 1959 i-

352 1975 580 2031 episeopus
609 1975 653 2016 in
683 1974 786 2031 fuga
815 1974 983 2016 occisus
1006 1979 1084 2028 est,
1113 1978 1156 2015 et
1170 1972 1450 2016 Werinherus
1480 1972 1847 2029 Merseburgensis

352 2030 559 2074 ecclesiae
612 2031 842 2088 episcopus
896 2036 1076 2072 mortem
1124 2030 1200 2071 vix
1248 2029 1434 2071 evadens
1482 2029 1623 2071 nudus
1673 2030 1846 2072 omnino

352 2087 552 2129 dimissus
582 2094 660 2140 est,
693 2093 736 2130 et
764 2085 1033 2129 Adalberdus
1064 2086 1399 2128 Wormaciensis
1439 2084 1645 2128 ecclesiae
1682 2086 1846 2151 episco-

351 2158 433 2199 pus
463 2150 614 2200 captus
644 2150 708 2186 est
737 2149 780 2186 et
807 2143 902 2199 regi
931 2141 1150 2184 Henricho
1181 2140 1362 2192 oblatus,
1392 2141 1518 2183 simul
1551 2147 1594 2184 et
1623 2141 1847 2184 Heriman·

352 2214 433 2241 nus
467 2199 616 2255 Magni
655 2200 777 2242 ducis
817 2205 1010 2255 patruus,
1050 2213 1161 2240 unus
1200 2197 1364 2240 scilicet
1402 2197 1455 2239 de
1484 2198 1622 2254 princi
1657 2197 1766 2252 ibus,
1801 2198 1846 2239 in

354 2256 510 2312 quibus
530 2269 617 2298 non
637 2262 701 2298 est
721 2255 835 2297 salus
849 2261 881 2295 ⁴.
921 2255 1080 2312 Igitur:
1111 2255 1292 2296 Pactum
1312 2269 1464 2307 meum,
1494 2253 1598 2296 dicit
1664 2255 1844 2308 ominus,

372 1415 380 1427 Ἰ

357 2373 391 2414 1)
417 2371 523 2414 Apud
548 2371 750 2405 Pleichfeld
777 2382 810 2406 a.
830 2370 944 2413 1086;
972 2371 1017 2404 ef.
1042 2370 1106 2402 lib.
1133 2370 1162 2411 Ι,
1190 2380 1221 2402 c.
1244 2370 1279 2410 3,
1306 2370 1367 2402 ubi
1394 2369 1535 2410 dicitur,
1561 2369 1756 2402 Henricum
1783 2380 1847 2403 sex

352 2420 499 2464 proeliis
525 2431 606 2453 cum
631 2421 792 2454 hostibus
819 2420 1034 2453 conflixisse.
1087 2418 1142 2453 Of.
1168 2418 1231 2451 lib.
1259 2418 1311 2458 ΙΙ,
1347 2429 1377 2452 c.
1406 2417 1464 2451 28.
1579 2416 1617 2460 2)
1644 2418 1747 2451 Haec
1773 2429 1846 2452 non

353 2473 407 2502 est
431 2479 518 2502 vera
545 2480 653 2503 causa
678 2469 818 2512 proelii,
843 2468 907 2502 sed
933 2468 1008 2508 illa,
1034 2478 1141 2510 quam
1169 2470 1205 2500 et
1230 2466 1446 2500 Bertholdus
1473 2471 1509 2499 et
1533 2467 1653 2500 Bruno
1680 2467 1840 2502 afferunt.

351 2518 515 2560 Namque
540 2517 785 2558 (Bertholdus‚
813 2517 876 2550 SS.
894 2517 939 2557 V,
966 2516 1051 2558 312)
1089 2516 1199 2549 duces
1225 2515 1402 2558 praedicti
1437 2515 1536 2559 (soil.
1562 2515 1780 2549 Bertholdus
1809 2519 1846 2550 et

351 2566 488 2607 Welfo)
524 2577 603 2599 cum
636 2566 872 2599 Alemannica
911 2565 1038 2598 militia
1069 2565 1146 2607 regi
1180 2564 1333 2598 Rudolfo
1369 2564 1414 2596 de
1450 2565 1610 2598 Saxonia
1643 2565 1845 2608 egredienti

351 2625 539 2648 occurrere
575 2614 834 2647 deliberabant.
886 2614 959 2647 Sed
991 2614 1060 2646 hoe
1094 2614 1236 2646 omnino
1269 2623 1331 2645 rex
1365 2614 1543 2647 Henricus
1579 2623 1659 2647 cum
1686 2615 1842 2647 maximo

353 2665 510 2697 exercitu
525 2664 778 2704 interveniens,
805 2674 849 2695 ne
868 2662 946 2695 fieri
965 2666 1098 2706 posset,
1123 2662 1356 2705 impediebat.
1393 2662 1556 2695 Eandem
1576 2673 1720 2696 causam
1739 2663 1843 2696 affert

351 2713 472 2746 Bruno
497 2711 633 2756 (SS.V‚
656 2724 690 2756 p.
706 2712 789 2746 367.
807 2711 909 2753 368).
986 2709 1026 2753 3)
1052 2710 1158 2754 Apud
1181 2711 1447 2744 Mellriehstadt
1463 2722 1497 2744 a.
1519 2711 1625 2745 1078.
1699 2711 1739 2755 4)
1765 2712 1843 2746 Hos
1863 2752 1865 2757 Δ

353 2772 475 2795 omnes
501 2762 700 2805 episcopos,
727 2771 815 2804 quos
835 2763 1089 2793 commemorat
1100 2759 1330 2802 waltramus,
1355 2760 1502 2803 fugisse,
1527 2771 1572 2793 ne
1590 2761 1710 2794 Bruno
1733 2760 1774 2804 (l.
1793 2758 1845 2804 c.)

353 2810 498 2854 quidem
531 2814 652 2854 negat.
703 2810 776 2843 Sed
808 2820 930 2842 omnes
965 2809 1027 2841 alii
1053 2809 1245 2852 scriptores
1271 2812 1415 2852 praeter
1439 2809 1674 2843 Waltramum
1701 2809 1746 2842 de
1772 2809 1842 2842 hae

353 2871 390 2892 re
415 2860 508 2892 inter
533 2870 571 2893 se
599 2860 836 2898 consentiunt,
862 2859 1058 2890 Henricum
1091 2857 1154 2890 illo
1182 2858 1317 2901 proelio
1346 2859 1481 2891 vietum
1516 2868 1607 2891 esse.
1658 2858 1688 2890 E
1719 2858 1854 2894 verbis-

353 2908 541 2941 Waltrami
566 2908 655 2940 nihil
679 2908 778 2941 aliud
805 2907 927 2949 colligi
953 2910 1081 2950 potest,
1108 2907 1178 2939 nisi
1203 2907 1399 2940 Henricum
1427 2906 1557 2940 claram
1581 2907 1767 2940 victoriam
1793 2906 1840 2940 ab

353 2957 514 2991 hostibus
539 2961 751 3000 reportasse.
800 2956 928 2999 Itaque
964 2966 1055 2998 quae
1082 2955 1240 2988 Henrico
1273 2956 1366 2988 bene
1401 2959 1651 2999 processerunt
1685 2965 1838 2989 comme-

353 3010 467 3040 morat
491 3005 720 3045 Wastramus,
747 3016 839 3049 quae
865 3005 990 3049 gravia
1015 3004 1223 3037 aeciderunt
1248 3004 1391 3038 silentio
1417 3005 1600 3047 praeterit.
