1878 3308
309 264 377 298 m:
401 263 611 298 UNITATE
637 263 910 299 ECCLESIAE
937 263 1303 300 CONSERVANDA.
1495 266 1566 299 183

73 374 291 419 Dominus
327 374 573 418 adhaesisse
610 377 686 419 uni
715 375 769 419 de
797 376 1065 434 principibus
1093 375 1221 419 huius
1252 375 1422 430 saeculi,
1451 384 1566 434 post-

75 445 207 490 quam
253 431 480 490 dissipavit
525 433 766 489 portionem
812 439 1015 489 paternae
1064 431 1349 485 substantiae,
1395 433 1569 475 tradens

74 486 270 532 namne
297 489 518 546 ingenium
556 487 678 531 luxui
707 496 835 546 atque
865 488 1069 541 desidiae,
1108 503 1207 531 cum
1240 488 1297 531 ad
1335 489 1566 545 imaginem

75 542 164 589 Dei
198 543 340 588 factus
376 545 432 588 sit
467 544 610 599 homo,
639 545 685 587 in
713 543 931 588 intellectu
968 544 1145 599 scilicet,
1174 546 1220 587 in
1248 552 1402 598 mente,
1433 547 1479 588 in
1506 546 1567 587 in-

73 599 230 645 seriore
269 599 457 654 homine,
496 601 541 643 in
589 615 640 644 eo
683 600 799 658 quod
841 600 1041 658 intelligit
1081 601 1319 655 veritatem,
1363 601 1569 644 diiudicat

73 657 282 701 iustitiam
311 663 356 700 et
381 657 647 711 iniustitiam,
675 658 797 700 novit
823 670 852 698 a
909 671 966 699 uo
994 657 1132 700 factus
1161 665 1238 711 est,
1274 663 1416 714 potest
1447 657 1570 700 intel-

74 711 211 770 ligere
231 713 479 757 Creatorem
510 727 649 766 suum,
677 712 853 755 laudare
873 671 1121 756 &reatorem
1143 728 1280 766 suum,
1311 729 1438 771 quam
1459 713 1569 756 scili-

75 775 148 814 oet
171 769 219 812 in
294 769 305 780 ‘
393 771 497 813 tiam
528 768 661 811 habet
689 770 765 826 qui
793 769 1066 826 prudentiam
1087 768 1237 824 habet3
1265 769 1428 827 alioqui
1446 777 1572 827 pater

75 824 291 869 mendacii
341 826 351 836 '
379 824 506 868 bolus
532 825 672 868 aufert
699 839 727 867 a
752 825 955 868 cordibus
984 826 1206 869 hominum
1229 826 1312 868 Dei
1331 827 1570 880 veritatem,

76 881 219 925 aufert
242 881 330 925 Dei
364 882 596 938 imaginem
633 887 676 925 et
713 882 923 939 imprimit
961 883 1203 939 apostasiae
1239 897 1342 925 suae
1382 890 1424 925 et
1451 897 1570 925 men-

77 937 184 981 datii
218 937 278 980 im
336 938 464 981 inem.
523 936 634 980 Cum
665 938 780 980 enim
814 951 842 979 a
871 940 1024 982 ceteris
1053 939 1343 982 animantibus
1382 954 1461 996 per
1487 938 1569 981 hoc

11 1040 15 1050 „
75 994 266 1038 maxime
331 994 561 1047 ifferamus,
601 993 718 1050 quod
751 993 959 1038 rationale
996 995 1155 1037 animal
1191 1009 1338 1037 sumus
1375 1002 1417 1037 et
1453 994 1572 1052 loqui

0 1059 14 1087 1
71 1064 321 1108 possumus,
358 1052 469 1094 ratio
506 1056 650 1092 autem
691 1051 830 1093 omnis
868 1058 913 1094 et
951 1066 1091 1094 sermo
1128 1051 1287 1094 divinis
1321 1050 1442 1094 libris
1474 1065 1571 1093 con-

74 1107 249 1161 tinetur,
277 1122 356 1165 per
382 1121 491 1165 quos
520 1113 563 1150 et
590 1106 735 1149 Deum
764 1107 971 1149 discimus
1011 1115 1053 1150 et
1093 1122 1225 1164 quare
1264 1109 1395 1150 creati
1424 1122 1572 1149 sumus

76 1177 165 1207 non
205 1163 469 1219 ignoramus,
511 1162 755 1205 mirandum
801 1170 866 1206 est
902 1162 1042 1216 valde,
1080 1163 1198 1221 quod
1236 1163 1387 1206 nolunt
1424 1163 1572 1220 aliqui,

0 1246 11 1268 :2
77 1220 311 1278 praecipue
349 1226 493 1262 autem
530 1219 743 1273 monachi,
774 1234 885 1276 quae
913 1219 1135 1277 praeclara
1164 1228 1264 1263 sunt
1292 1219 1470 1274 discere,
1500 1220 1574 1276 qui

0 1304 13 1323 ἓ.
77 1290 134 1320 ne
159 1290 318 1333 pueros
335 1275 520 1374 (guidem
543 1275 614 1318 vel
632 1275 925 1319 adolescentes
953 1278 1210 1333 permittunt
1235 1278 1279 1318 in
1304 1276 1574 1318 monasteriis

76 1331 236 1376 habere
264 1338 335 1375 stu
380 1347 454 1374 um
484 1331 681 1374 salutaris
711 1332 928 1386 scientiae,
959 1339 1006 1375 ut
1033 1333 1198 1376 scilicet
1215 1332 1322 1375 rude
1351 1332 1573 1389 ingenium

14 1422 17 1423 γ
77 1389 295 1431 nutriatur
331 1387 497 1445 siliquis
541 1388 863 1431 daemoniorum
878 1397 906 1442 ¹,
951 1403 1061 1446 quae
1105 1396 1203 1432 sunt
1245 1388 1574 1432 consuetudines

76 1443 360 1487 humanarum
406 1443 702 1498 traditionum3
744 1451 791 1487 ut
832 1445 1042 1488 eiusmodi
1086 1446 1303 1502 spurcitiis
1344 1445 1573 1487 assuefacti

78 1514 166 1543 non
202 1507 386 1558 possunt
421 1507 608 1556 gustare,
647 1517 779 1558 quam
809 1503 963 1543 suavis
991 1509 1053 1543 est
1082 1503 1315 1554 Dominus,
1383 1502 1428 1543 ui
1465 1501 1571 1543 dicit
1583 1516 1634 1542 1³0.
1648 1516 1696 1551 ss,
1707 1517 1734 1544 s.

76 1556 124 1599 in
165 1555 391 1614 euangelio
434 1556 489 1599 de
530 1555 709 1599 talibus:
749 1558 832 1599 Vae
867 1558 1000 1612 vobis,
1040 1559 1208 1601 scribae
1247 1565 1285 1601 et
1321 1558 1365 1600 P
1390 1559 1789 1610 anawanum-2³3⁸-

77 1613 346 1672 hypocrt‘tae,
383 1615 462 1670 qui
493 1612 653 1656 tulistis
690 1613 851 1656 clavem
880 1615 1115 1656 scientiae!
1148 1630 1224 1657 vos
1258 1615 1384 1667 enim,
1422 1602 1658 1670 inquit,¹‘¹¹⁶'
1677 1603 1786 1637 ¹¹¹⁶*

78 1683 167 1712 non
186 1670 367 1712 intratis
395 1684 473 1711 nec
493 1670 643 1712 sinitis
671 1671 937 1712 introeuntes
965 1672 1144 1713 intrare.
1193 1671 1332 1726 Igitur
1359 1670 1571 1726 ignoratio

79 1723 324 1768 divinarum
365 1724 683 1782 Scripturarum
727 1726 940 1781 ignoratio
983 1732 1048 1769 est
1087 1725 1259 1781 Christi,
1304 1727 1377 1783 qui
1416 1726 1573 1768 dicitur

18 1782 22 1788 '
77 1781 217 1824 virtus
246 1781 333 1824 Dei
359 1788 404 1824 et
431 1782 643 1838 sapientia
671 1781 769 1825 Dei.
829 1782 956 1825 Unde
985 1790 1028 1825 et
1055 1797 1132 1839 per
1161 1783 1364 1826 Hesaiam
1423 1781 1573 1838 rophe-

80 1843 170 1881 tam
203 1836 310 1880 dicit
344 1837 579 1880 Dominus:
624 1838 689 1880 Eo
731 1839 847 1895 quod
887 1841 1225 1895 appropinquat
1251 1853 1450 1894 popuus
1493 1840 1789 1890 istemmm.

28 1925 29 1928 η
82 1908 155 1937 ore
189 1909 266 1937 suo
305 1899 345 1936 et
381 1893 512 1937 labiis
550 1895 645 1937 suis
683 1895 901 1952 glorificat
937 1911 1014 1948 me,
1048 1910 1124 1937 cor
1153 1901 1294 1937 autem
1323 1896 1417 1936 eius
1445 1894 1573 1951 longe
1765 1910 1770 1914 ·

81 1955 143 1992 est
184 1965 214 1993 a
250 1966 328 2003 me,
365 1957 404 1992 et
431 1953 669 1993 timuerunt
696 1951 907 1993 ‘mandato
938 1951 1159 1993 hominum
1187 1965 1251 1991 me
1281 1957 1319 1992 et
1347 1950 1571 2003 doctrinis,

30 2043 31 2046 ,
82 2006 181 2049 ideo
209 2021 287 2064 eqo
315 2021 406 2049 ecce
436 2006 615 2059 addam,
645 2013 693 2047 ut
714 2007 1048 2049 admirationem
1065 2005 1245 2061 faciam
1268 2005 1439 2070 populo
1470 2006 1572 2047 huic

80 2062 297 2106 miraculo
315 2062 485 2119 ¹arandi
511 2069 550 2105 et
569 2063 782 2118 stupendo
790 2078 806 2115 ,·
829 2063 993 2118 peribit
1012 2063 1138 2114 enim,
1168 2062 1320 2118 inquit,
1350 2062 1572 2117 sapientia

83 2133 112 2160 a
147 2119 421 2175 sapientibus
459 2120 554 2161 eius
593 2125 631 2160 et
670 2118 906 2161 intellectus
939 2118 1224 2173 prudentium
1264 2119 1357 2158 eius
1394 2117 1570 2159 abscon-

31 2215 37 2222 .,
81 2174 223 2217 detur.
280 2173 397 2217 Ecce
425 2176 539 2217 enim
569 2174 686 2232 quod
716 2189 793 2231 pro
824 2175 1030 2216 exercitio
1060 2180 1102 2215 et
1129 2173 1339 2215 industria
1367 2172 1572 2215 naturalis

79 2230 240 2287 ingenii
268 2230 386 2287 apud
415 2244 605 2287 paganos
635 2230 735 2273 olim
765 2231 969 2272 iniustum
999 2236 1042 2272 et
1068 2235 1193 2286 turpe
1223 2227 1459 2281 videbatur,
1489 2228 1574 2271 hoc

81 2299 196 2329 nunc
233 2287 349 2344 apud
394 2287 628 2329 monachos
672 2302 749 2343 pro
786 2287 947 2328 iustitia
983 2293 1025 2328 et
1062 2287 1286 2327 sanctitate
1325 2292 1492 2327 tenetur
1529 2291 1572 2326 et

83 2341 250 2397 colitur,
279 2343 390 2385 sicut
408 2351 506 2386 sunt
524 2342 763 2408 descriptae
792 2342 909 2399 apud
930 2356 1002 2384 eos
1023 2340 1351 2384 consuetudines
1380 2347 1422 2383 et
1446 2339 1572 2382 laxae

33 2446 35 2451 A
81 2404 234 2442 vestes.
283 2398 405 2442 Unde
434 2406 478 2442 et
498 2398 813 2452 Quintilianus²
844 2399 887 2440 in
917 2398 1056 2454 primo
1085 2395 1195 2438 libro
1225 2396 1278 2439 de
1307 2397 1571 2439 institutione

83 2455 258 2498 artium:
310 2454 596 2507 Consuetudo,
639 2455 790 2511 inquit,
826 2455 866 2496 si
902 2469 955 2496 ex
993 2469 1040 2496 eo
1074 2454 1190 2508 quod
1211 2452 1367 2508 plures
1384 2453 1571 2509 faciunt

34 2535 38 2555 ;
84 2525 238 2554 nomen
283 2513 488 2567 accipiat,
523 2511 945 2567 periculosissimum
987 2510 1108 2551 dabit
1143 2515 1438 2565 praeceptum,
1483 2523 1569 2550 non

86 2568 278 2611 orationi
303 2567 443 2619 modo,
480 2568 567 2620 sed,
598 2567 714 2623 quod
749 2568 893 2608 maius
922 2572 995 2618 est,
1025 2566 1150 2607 vitae.
1216 2564 1267 2607 Ut
1298 2580 1399 2621 erqo
1428 2570 1570 2607 trans-

31 2687 33 2689 ·
85 2663 124 2703 1)
155 2663 210 2698 cf.
235 2665 347 2698 verba
381 2665 547 2697 carminis
578 2663 937 2696 Laureshamensium
969 2661 1128 2694 monach.
1156 2660 1238 2701 (SS.
1265 2661 1364 2701 xxl,
1398 2673 1432 2706 p.
1459 2659 1569 2703 430):

400 2710 521 2745 Factis
547 2710 732 2753 eilvatres,
758 2711 932 2744 silvestria
957 2710 1065 2743 corda
1088 2713 1254 2753 yet-entes.

86 2759 142 2795 Os.
169 2762 276 2796 etiam
302 2761 560 2801 Helmsdssrfer,
586 2760 766 2793 ‘wilhelm
795 2771 828 2792 v.
855 2759 1044 2792 Hirschau'
1078 2770 1113 2802 p.
1140 2757 1200 2799 85,
1233 2769 1268 2791 n.
1296 2759 1330 2797 8,
1366 2760 1425 2802 qui
1455 2762 1568 2803 putat,

85 2808 178 2843 talia
213 2810 325 2845 verba
357 2810 576 2854 temporibus
615 2819 729 2842 rerum
769 2819 947 2843 sacrarum
988 2807 1253 2841 restaurationis
1296 2808 1440 2840 adiecta
1478 2818 1570 2846 esse,

85 2859 217 2902 quippe
256 2859 385 2903 quibus
424 2859 564 2891 dicatur
594 2858 781 2890 scientiam
808 2858 1012 2901 Scripturae
1048 2858 1179 2890 Sacrae
1217 2856 1357 2889 unicam
1392 2857 1486 2889 vium
1522 2855 1570 2888 ad

84 2905 235 2941 alutem
262 2918 353 2941 esse.
454 2907 493 2950 2)
519 2906 666 2947 Quintil.
689 2906 718 2939 1.
745 2906 779 2947 6,
806 2906 863 2940 44.
892 2906 950 2939 45.
