1878 3308
187 1468 280 1504 (xm)

195 2317 281 2343 1085.

297 278 342 311 74
538 279 606 312 DE
631 277 841 313 UNITATE
867 278 1140 312 EOCLESIAE
1168 278 1537 313 CONSERVANDA.

297 397 545 434 exercentes
575 390 737 448 praelia
767 397 809 434 et
834 390 1063 433 seditiones
1093 396 1136 433 et
1163 390 1497 434 dominationem
1527 395 1789 448 spernentes,

296 447 562 490 maiestatem
597 455 741 491 autem
783 446 1146 503 blasphemantes;
1184 447 1256 504 qui
1286 446 1537 490 extulissent
1571 462 1617 490 se
1658 461 1788 503 super

295 503 563 546 altitudinem
583 505 728 560 regiae
747 504 970 560 potestatis
1002 510 1044 546 et
1062 503 1315 546 restitissent
1334 502 1592 547 ordinationi
1617 502 1788 545 divinae

296 559 600 616 dispositionis,
639 560 940 602 transferentes
976 574 1022 602 re
1056 574 1111 601 na
1145 566 1187 602 et
1225 559 1490 615 negligentes
1528 558 1786 613 sacerdotia3

297 616 368 672 qui
399 616 527 658 etiam
556 618 743 672 pessimo
773 630 849 658 suo
882 630 1037 672 exemp
1056 630 1096 669 o,
1127 630 1210 672 quo
1242 621 1382 657 essent
1415 615 1587 672 periuri,
1619 615 1799 658 docuis:

297 677 391 714 sent
420 671 666 715 obedientes
696 672 779 715 sibi
806 671 1003 714 infideles
1029 686 1121 715 esse
1152 678 1279 728 atque
1307 670 1498 725 fallaces3
1540 672 1614 728 qui
1642 672 1785 725 etiam,

296 734 444 784 utpote
473 735 808 783 transgressores
828 727 1067 770 divinarum
1089 728 1456 784 humanarumque
1481 726 1640 783 legum,
1668 727 1787 770 insti-

295 786 476 826 tuissent
515 799 614 827 suos
651 799 820 841 quoque
860 791 1091 827 sectatores
1121 784 1278 826 divinis
1307 783 1590 840 humanisque
1618 782 1786 840 legibus

297 855 389 882 esse
418 839 738 895 inobedientes3
774 841 845 898 qui
877 841 1018 895 etiam,
1048 846 1194 897 utpote
1223 839 1451 882 violatores
1481 839 1787 882 ecclesiastico·

296 912 390 939 rum
433 897 767 953 privilegiorum,
805 898 1097 953 permisissent
1143 896 1330 939 fautores
1378 897 1567 953 partium
1614 909 1786 938 suarum

295 967 446 1009 rapere
488 958 530 995 et
572 953 758 1010 diripere
802 954 915 995 bona
958 959 1000 995 et
1038 969 1106 996 res
1150 952 1440 1006 ecclesiarum,
1484 958 1534 995 ut
1577 951 1787 994 eiusmodi

295 1009 487 1052 homines
524 1016 665 1052 essent
704 1008 785 1051 sibi
825 1010 1111 1066 promptiores
1139 1008 1195 1050 ad
1226 1023 1351 1051 omne
1379 1008 1499 1051 nefas
1526 1007 1785 1062 audendum,

297 1065 453 1122 quibus
482 1080 538 1108 ex
558 1065 864 1108 consuetudine
892 1066 979 1107 iam
1009 1066 1130 1122 quasi
1159 1066 1203 1106 in
1233 1071 1427 1107 naturam
1447 1076 1575 1107 versa
1603 1071 1670 1107 est
1695 1062 1787 1106 dul-

296 1121 402 1164 cedo
433 1122 788 1175 coniurationum,
824 1123 1071 1178 rapinarum
1101 1128 1227 1178 atque
1257 1120 1609 1175 homicidiorum3
1641 1120 1787 1178 quales

295 1176 460 1220 scilicet
479 1178 673 1235 episcopi
693 1192 779 1219 non
799 1184 940 1220 essent
958 1185 1151 1234 pastores
1172 1176 1460 1231 ecclesiarum,
1491 1176 1567 1220 sed
1587 1177 1788 1219 ductores
1843 1188 1845 1190 ’

295 1232 515 1287 bellorum,
551 1248 637 1276 non
674 1234 870 1277 custodes
909 1233 1217 1276 dominicarum
1258 1235 1416 1287 ovium,
1454 1232 1530 1276 sed
1559 1239 1607 1276 ut
1633 1247 1786 1290 graves

294 1288 385 1346 lupi
423 1296 717 1347 persecutores
754 1304 914 1344 earum,
952 1290 1244 1333 interfectores
1280 1290 1520 1332 animarum
1555 1290 1717 1346 pariter
1744 1294 1788 1331 et

296 1360 539 1402 corporum,
571 1361 670 1388 cum
698 1347 780 1402 ipsi
810 1347 866 1389 ad
895 1346 1076 1389 tuendas
1105 1353 1247 1402 partes
1277 1360 1376 1388 suas
1417 1345 1491 1387 diu
1519 1344 1787 1402 multumque

294 1402 361 1444 usi
381 1402 561 1444 fuissent
579 1402 777 1445 manibus
796 1403 1024 1459 impiorum
1049 1402 1104 1444 ad
1125 1402 1382 1444 occisionem
1405 1401 1635 1444 multorum
1654 1401 1789 1443 homi-

295 1473 411 1501 num.
450 1458 536 1501 Sed
561 1473 659 1501 cum
683 1458 789 1502 tales
813 1466 927 1502 certe
950 1459 1109 1502 fuerint
1130 1458 1324 1515 episcopi
1344 1457 1559 1501 saxoniae
1580 1464 1622 1501 et
1646 1457 1787 1500 defen-

296 1529 411 1557 sores
449 1514 745 1569 Hildebranti,
785 1516 851 1557 sui
890 1514 1055 1558 scilicet
1089 1529 1240 1572 papae,
1275 1513 1607 1571 praesumebant
1644 1520 1788 1556 tamen

295 1571 586 1627 frequentibus
630 1571 823 1614 conciliis
872 1587 917 1613 se
961 1586 1147 1628 suosque
1190 1577 1420 1614 sectatores
1463 1570 1696 1613 iustificare
1745 1575 1788 1613 et

295 1627 563 1670 Henrichum
582 1643 742 1684 regem,
773 1642 900 1684 quem
928 1629 942 1668 i
977 1628 1012 1669 si
1040 1628 1312 1683 potissimum
1342 1627 1395 1669 de
1414 1641 1546 1683 regno
1569 1626 1786 1669 Saxoniae

295 1683 560 1740 expulerant,
602 1683 804 1726 damnare
843 1684 934 1726 eius
967 1698 1121 1739 emque
1157 1683 1441 1725 damnationis
1477 1689 1623 1725 notam
1653 1683 1787 1738 impo-

295 1754 395 1782 nere
425 1740 639 1797 episcopis
671 1746 715 1781 at
746 1754 799 1781 ue
827 1739 1096 1796 principibus
1135 1745 1177 1781 et
1207 1739 1404 1781 omnibus
1474 1739 1519 1781 ui
1553 1739 1786 1781 communi-

296 1802 442 1837 carent
462 1811 502 1838 e1
531 1802 573 1838 et
593 1795 668 1852 qui
687 1811 738 1837 su
770 1797 870 1838 iect1
898 1802 1039 1838 essent
1059 1796 1110 1838 ei.
1154 1795 1343 1851 Ideoque
1362 1800 1435 1837 tan
1468 1809 1536 1860 em
1555 1793 1786 1852 aliquando
1846 1802 1849 1804 ’

298 1853 573 1894 constitutum
603 1858 679 1906 est,
710 1850 1072 1895 consentientibus
1102 1851 1300 1907 utrinque
1330 1866 1353 1893 e
1385 1851 1474 1894 isco
1506 1866 1555 1904 1s,
1584 1857 1632 1893 ut
1657 1865 1788 1893 causa

295 1907 447 1964 longae
476 1908 819 1963 concertationis,
879 1923 959 1951 uae
987 1922 1075 1950 non
1103 1907 1241 1963 possit
1266 1865 1421 1949 congci
1448 1907 1614 1964 gadiis,
1643 1907 1787 1950 termi-

295 1970 471 2006 naretur
506 1963 638 2018 libris,
679 1923 937 2007 laetantibus
975 1963 1207 2006 admodum
1236 1962 1370 2018 laicis,
1400 1978 1582 2020 quorum
1611 1963 1786 2020 sanguis

297 2020 456 2062 effusus
502 2026 566 2063 est
608 2026 672 2063 tot
713 2020 906 2077 praeliis,
947 2020 1062 2078 quod
1102 2019 1159 2062 ad
1201 2019 1283 2061 hoc
1358 2026 1579 2063 erventum
1621 2020 1696 2075 sit,
1739 2025 1788 2063 ut

296 2091 373 2133 per
411 2077 530 2133 ipsos
569 2083 764 2119 auctores
803 2076 904 2120 belli
941 2082 1089 2119 contra
1123 2091 1270 2133 regem
1356 2076 1576 2119 enrichum
1616 2075 1788 2119 decerni

297 2131 462 2187 debeat,
501 2132 617 2190 quod
655 2133 717 2175 ibi
756 2134 919 2176 iustitia
953 2134 1018 2186 sit,
1048 2133 1162 2175 unde
1191 2133 1374 2175 victoria
1401 2133 1543 2187 fuerit,
1573 2147 1671 2174 cum
1701 2131 1786 2175 tale

296 2188 501 2231 iudicium
558 2190 767 2240 veritatis,
826 2189 942 2247 quod
999 2188 1197 2232 facillime
1255 2203 1311 2230 ex
1357 2188 1479 2232 libris
1526 2189 1786 2246 agnoscitur,

296 2260 382 2287 non
420 2246 554 2301 possit
591 2245 659 2288 vel
694 2244 784 2287 falli
819 2245 889 2288 vel
922 2245 1080 2289 fallere.
1138 2245 1209 2287 Fit
1244 2251 1478 2288 conventus
1511 2245 1558 2287 in
1585 2244 1680 2287 loco
1740 2245 1786 2286 ui

298 2300 451 2343 dicitur
488 2301 766 2358 Gerstungun
805 2302 870 2344 13.
905 2302 1004 2344 Kal.
1044 2301 1281 2354 Februarii,
1318 2315 1431 2343 anno
1466 2300 1628 2343 scilicet
1662 2301 1715 2342 10
1745 2301 1784 2344 5.

297 2356 351 2398 ab
398 2358 689 2400 incarnatione
733 2358 949 2400 Domini1.
1014 2358 1127 2399 Tum
1169 2357 1309 2413 primo
1353 2356 1635 2399 Chuonradus
1683 2356 1786 2398 Tra-

298 2413 496 2455 iectensis
540 2412 744 2455 ecclesiae
788 2415 1037 2470 episcopus:
1080 2413 1234 2466 ‘Ecce',
1277 2412 1430 2469 inquit,
1475 2413 1697 2467 ‘venimus,
1737 2418 1787 2456 ut

299 2468 528 2525 probemus
559 2484 615 2511 ex
633 2469 875 2512 testimonio
901 2475 1145 2512 sanctorum
1176 2482 1401 2521 canonum,
1430 2483 1517 2511 non
1536 2468 1785 2511 damnatum

299 2539 392 2566 esse
429 2524 497 2567 vel
532 2526 953 2567 excommunicatum
989 2540 1134 2581 regem
1172 2530 1365 2566 nostrum
1393 2524 1672 2579 Henrichum,
1702 2526 1786 2580 cui,

299 2580 335 2622 si
371 2594 457 2621 non
495 2587 696 2636 poterunt
731 2581 934 2637 prodesse
973 2580 1090 2637 apud
1117 2595 1196 2622 vos
1231 2595 1282 2622 ea
1321 2595 1430 2638 quae
1458 2580 1646 2637 legitime
1676 2581 1786 2624 ordi-

299 2642 399 2678 nata
437 2643 535 2679 sunt
573 2651 599 2678 a
634 2637 728 2678 Deo
767 2637 882 2678 circa
916 2635 1120 2679 honorem
1157 2637 1337 2693 regium,
1375 2636 1523 2679 saltem
1562 2637 1644 2680 hoc
1688 2651 1785 2680 con-

299 2691 451 2745 cedite,
487 2698 536 2734 ut
570 2707 621 2734 eo
661 2698 804 2734 utatur
832 2694 938 2747 iure,
969 2707 1054 2750 quo
1085 2708 1142 2735 ex
1168 2692 1327 2748 regulis
1357 2692 1657 2736 ecclesiasticis
1686 2707 1786 2736 con·

299 2762 468 2790 cessum
506 2754 571 2790 est
607 2749 670 2790 uti
707 2748 777 2790 vel
811 2748 982 2790 infimae
1018 2749 1062 2790 in
1092 2748 1273 2791 ecclesia
1301 2751 1532 2806 personae'.
1589 2750 1648 2792 Et
1676 2749 1787 2792 dixit

297 2803 354 2846 ad
383 2803 650 2846 Wezelinum
681 2804 956 2861 Moguntinae
985 2805 1190 2848 ecclesiae
1220 2806 1484 2862 episcopum,
1518 2812 1566 2849 ut
1594 2810 1787 2862 surgeret

302 2943 336 2982 1)
362 2943 454 2976 Ann.
481 2944 707 2987 Yburgenses
732 2944 887 2985 tradunt,
914 2944 1002 2978 duos
1030 2949 1225 2979 conventus
1251 2947 1288 2978 in
1313 2945 1400 2978 villa
1426 2946 1652 2988 Gerstungun
1686 2949 1786 2979 actos

300 3002 391 3035 esse,
417 2993 570 3027 alterum
598 3004 631 3028 a.
660 2993 767 3035 1084,
793 2993 942 3027 alterum
969 3005 1002 3028 a.
1031 2994 1124 3027 1085
1151 2993 1215 3038 (cf.
1244 2994 1310 3029 SS.
1337 2994 1435 3035 XVI,
1460 3006 1496 3038 p.
1522 2994 1622 3036 438).
