1878 3308
334 305 404 339 DE
428 304 640 338 UNITATE
666 303 939 339 ECCLESIAE
967 303 1335 339 CONSERVANDA.
1533 304 1577 336 31

73 417 251 460 'im-ium
276 416 339 460 ita
365 416 556 459 insecuta
585 423 652 459 est
680 415 784 459 ultio
814 415 982 459 divina:
1033 416 1132 459 Vivo
1170 430 1261 472 eyn,
1296 416 1402 458 dicit
1432 416 1582 458 Domi·
1595 413 1768 479 2²⁶⁰}17’

91 487 191 528 nus,
205 473 412 531 quoniam
431 474 726 516 iuramentum
746 473 863 529 quod
882 473 1044 529 sprevit
1062 478 1101 514 et
1116 478 1296 528 paetum
1317 471 1434 527 quod
1446 487 1580 527 prae·
1657 455 1671 480 ¹
1696 471 1703 478 '

91 530 319 573 var-'catus
357 535 433 580 est,
467 544 635 585 ponam
673 530 723 571 in
762 535 898 586 eaput
934 530 1041 581 eius,
1070 534 1110 570 et
1136 529 1347 570 morietur
1373 529 1423 569 in
1511 543 1581 570 ae-

91 585 376 639 varicatione,
404 600 495 642 qua
522 585 719 641 despexit
745 599 821 627 me.
878 583 996 640 Ergo
1025 583 1320 626 iusiurandum
1350 583 1427 626 hos
1485 583 1586 626 abet

90 642 282 695 comites,
310 641 548 694 veritatem,
578 640 786 684 iudicium
806 646 849 683 et
866 641 1087 693 iustitiam,
1116 647 1176 694 ut,
1208 641 1244 682 si
1265 641 1346 682 ista
1366 639 1583 694 desierint,

90 710 362 756 nequaquam
391 697 448 739 sit
474 697 774 751 iuramentum,
802 695 878 739 sed
907 697 1156 753 periurium.
1208 695 1335 739 Unde
1364 703 1407 738 et
1435 695 1584 738 Domi-

90 768 173 797 nus
199 751 389 811 loquitur
416 753 463 795 in
491 751 711 796 Hieremia
738 751 970 809 propheta:
1001 753 1191 806 Iurabis,
1221 752 1433 809 inquiens,
1463 753 1584 795 ‘vivit
1596 766 1737 799 1er.4,2.

92 808 325 863 Dominus,
352 811 402 853 in
421 811 599 852 veritate
627 815 666 852 et
688 811 738 851 in
761 809 928 851 iudicio
958 811 1063 851 etin
1085 810 1285 853 iustitia'.
1330 807 1460 862 Quod
1480 808 1583 850 diei-

90 872 182 909 tur:
211 867 319 909 vivit
337 865 568 919 Dominus,
591 866 637 907 in
655 864 928 908 Testamento
945 865 1090 908 Veteri
1117 864 1415 907 iusiurandum
1434 872 1499 907 est
1527 864 1584 907 ad

92 921 490 965 condemnationem
524 928 803 974 mortuorum,
847 935 927 977 per
963 935 1071 978 quos
1108 921 1358 964 iuraverunt
1398 920 1583 963 cultores

92 976 318 1021 idolorum.
355 977 410 1020 In
427 977 550 1020 Novo
569 985 713 1020 autem
734 977 1010 1020 Testamento
1036 976 1235 1034 prohibet
1256 977 1468 1019 Dominus
1496 991 1583 1019 non

91 1035 237 1077 iurare
274 1034 470 1077 omnino:
513 1034 582 1076 Ne
617 1034 843 1086 decidatis,
886 1033 1037 1090 inquit,
1075 1033 1154 1076 sub
1191 1034 1374 1086 iudicio,
1418 1033 1455 1075 si
1497 1048 1583 1077 non
1597 1048 1756 1083 Ise.5,12.

93 1096 266 1134 secane
291 1089 450 1133 fuerint
475 1090 632 1133 veritas
661 1096 705 1133 et
731 1090 906 1143 iustitia,
938 1103 1049 1147 quae
1077 1090 1238 1146 pariter
1265 1090 1387 1132 iuxta
1417 1096 1583 1132 senten-

91 1148 198 1191 tiam
224 1147 240 1188 i
272 1146 362 1188 sius
389 1145 568 1188 Domini
596 1147 774 1188 comites
803 1151 902 1188 sunt
928 1146 1180 1189 iuramento.

206 1203 229 1245 1
261 1234 273 1245 .
330 1202 415 1245 Pro
444 1216 601 1260 magno
630 1202 804 1269 quidem
833 1202 981 1245 salutis
1009 1209 1179 1245 nostrae
1207 1203 1412 1258 mysterio
1441 1202 1583 1244 iurare
1598 1212 1677 1248 (xv)

91 1271 172 1302 nos
198 1258 415 1301 Dominus
475 1273 522 1301 er
559 1274 604 1302 se
643 1273 783 1315 lpsum
823 1259 984 1315 pariter
1012 1264 1055 1301 et
1081 1273 1160 1315 per
1187 1273 1213 1300 a
1246 1257 1428 1301 ostolum
1458 1272 1583 1299 suum

91 1315 301 1358 Iacobum
327 1273 562 1372 prohizuit,
591 1315 793 1372 quoniam
821 1314 992 1357 videtur
1020 1314 1184 1357 solvere
1227 1329 1361 1368 esum,
1391 1314 1586 1371 quisquis

90 1373 379 1415 iuramentum
414 1369 601 1414 solverit.
659 1371 786 1414 Unde
825 1377 867 1413 et
903 1377 1074 1413 sanctus
1111 1370 1326 1413 Iohannes
1367 1369 1586 1426 apostolus

93 1434 138 1470 et
164 1426 452 1484 euangelista:
489 1427 654 1480 Omnis,
683 1427 834 1483 inquit,
864 1428 1064 1483 spiritus,
1096 1429 1174 1484 qui
1202 1427 1327 1469 solvit
1348 1427 1501 1479 Iesum,
1531 1435 1779 1469 eae1·10h·4‚³·

95 1483 190 1526 Deo
217 1498 306 1526 non
335 1489 407 1535 est,
438 1489 476 1524 et
504 1484 575 1525 hic
604 1489 665 1525 est
693 1483 1005 1535 Antichristus,
1045 1484 1097 1525 de
1127 1498 1209 1540 quo
1241 1483 1446 1535 audistis,
1478 1497 1581 1539 quo—

94 1540 219 1582 m‘am
252 1541 370 1582 venit
407 1545 446 1582 et
483 1555 600 1582 nunc
638 1541 727 1581 iam
766 1540 815 1580 in
854 1540 1017 1581 mundo
1052 1546 1124 1583 est.
1185 1538 1273 1588 Qui
1309 1540 1422 1580 enim
1458 1538 1583 1581 solvit
1595 1537 1769 1572 mmm-¹⁷²

88 1601 284 1652 paetum,
303 1596 511 1652 nunquid
583 1595 730 1651 uqiet?
765 1594 864 1638 Vivo
885 1610 976 1652 eqo,
998 1595 1106 1638 dicit
1124 1595 1355 1648 Dominus,
1376 1596 1583 1651 quoniam
1637 1577 1739 1610 ¹⁵’¹⁹'

96 1653 390 1695 iuramentum
429 1667 512 1708 quo
583 1653 745 1707 sprevit
789 1658 827 1693 et
867 1658 1047 1707 pactum
1089 1652 1205 1708 quod
1242 1652 1586 1707 praevaricatus

95 1714 157 1750 est
186 1722 356 1764 ponam
395 1708 446 1749 in
485 1714 620 1763 caput
655 1708 762 1759 eius,
801 1713 840 1749 et
874 1708 1083 1749 morietur
1111 1708 1161 1749 in
1183 1708 1584 1763 praevaricatione,

98 1778 189 1820 qua
217 1763 414 1829 despeaeit
441 1779 517 1807 me.
566 1762 697 1819 Ergo,
726 1763 838 1805 sicut
865 1770 1044 1806 testatur
1062 1763 1277 1805 Dominus
1306 1778 1384 1819 per
1404 1762 1584 1819 prophe·
1598 1776 1658 1802 πει.
1670 1775 1698 1809 ι,
1708 1775 1735 1802 2.

93 1826 195 1870 tam,
222 1818 516 1862 iusiurandum
539 1818 670 1862 habet
695 1820 873 1862 comites
900 1820 1135 1873 veritatem,
1165 1819 1372 1861 iudicium
1402 1826 1444 1860 et
1468 1819 1587 1861 iusti-

93 1875 212 1919 tiam.
268 1875 439 1918 Veritas
469 1882 611 1918 autem
643 1874 840 1918 Christus
867 1882 944 1929 est,
975 1874 1100 1917 simul
1129 1882 1171 1918 et
1199 1877 1364 1918 iustitia
1393 1874 1587 1917 Christus

95 1938 173 1975 est.
229 1931 325 1990 qu
362 1947 471 1985 sum,
510 1931 660 1988 inquit,
699 1934 787 1985 via,
825 1934 983 1974 veritas
1012 1938 1050 1973 et
1078 1934 1184 1973 vita.
1243 1931 1330 1974 Sed
1365 1930 1587 1987 psalmista
1600 1943 1666 1969 Iob.
1680 1943 1762 1976 14,ss-

95 1988 168 2042 ait,
210 1988 435 2044 quoniam:
479 1987 658 2029 Iustitia
701 1994 739 2028 et
776 2002 877 2043 pax
917 1988 1135 2029 osculatae
1178 1994 1280 2029 sunt
1318 2003 1374 2039 se,
1414 1986 1585 2043 quando
1598 2000 1801 2034 Pe.84,11.12.

96 2044 260 2086 veritas
296 2043 350 2086 de
390 2049 509 2085 terra
548 2049 645 2086 orta
682 2049 756 2095 est,
796 2041 992 2084 Christus
1022 2042 1185 2085 scilicet
1211 2050 1336 2085 natus
1366 2042 1418 2084 de
1448 2042 1587 2084 Maria

95 2099 275 2155 virgine.
332 2099 493 2141 Factus
522 2105 583 2141 est
611 2098 724 2141 enim
763 2099 886 2140 nobis
915 2099 1036 2141 Iesus
1069 2098 1265 2141 Christus
1296 2114 1347 2141 sa
1384 2100 1518 2140 {entia
1557 2106 1803 2140 al-Oor·¹‚⁸0·

98 2155 191 2197 Deo
220 2161 259 2197 et
286 2155 456 2197 iustitia
488 2161 526 2197 et
554 2154 843 2208 sanctificatio
873 2160 911 2196 et
930 2155 1179 2211 redemptio,
1208 2155 1319 2196 sieut
1371 2154 1499 2196 ‘ctum
1522 2160 1587 2196 est

95 2208 152 2253 ab
180 2207 386 2268 apostolo.
430 2210 566 2267 Igitur
594 2210 754 2252 veritas
784 2216 850 2252 est
870 2209 1075 2264 Christus,
1106 2211 1265 2252 iustitia
1294 2217 1359 2253 est
1378 2209 1586 2264 Christus,

96 2280 187 2324 pax
221 2273 286 2310 est
322 2264 532 2319 Christus,
568 2267 698 2308 immo
738 2266 941 2322 quicquid
978 2266 1139 2309 bonum
1176 2273 1240 2309 est
1281 2273 1355 2308 aut
1394 2265 1587 2309 Christus

97 2328 172 2365 aut
198 2336 226 2364 a
254 2321 425 2365 Christo
454 2329 530 2376 est,
561 2322 763 2380 quoniam
794 2320 990 2365 Christus
1026 2322 1145 2364 Deus
1182 2329 1258 2365 est.
1319 2322 1404 2365 Sed
1441 2336 1587 2364 omnes

97 2379 302 2422 virtutum
328 2378 495 2435 speeies
524 2393 609 2420 uno
630 2378 816 2420 iustitiae
837 2379 1106 2421 continentur
1126 2379 1309 2433 nomine,
1339 2379 1463 2421 beato
1485 2392 1587 2435 quo-

126 2448 181 2477 ue
212 2434 475 2492 Hieronymo
513 2440 779 2486 attestante1,
819 2435 893 2491 qui
933 2449 1152 2491 exponens
1188 2433 1291 2477 illud
1321 2433 1768 2491 psalmistae:1›..10⁵,a.

140 2491 241 2544 eati,
271 2491 349 2547 qui
377 2491 627 2534 custodiunt
655 2491 869 2533 iudicium
899 2491 1129 2547 etfaciam
1155 2491 1370 2533 iustitiam
1400 2492 1448 2533 in
1471 2491 1588 2533 omni

98 2552 309 2603 tempore:
352 2568 430 2591 cum
455 2555 642 2598 Dominus,
673 2546 823 2603 inquit,
854 2560 885 2591 et
920 2557 1078 2590 salvator
1111 2562 1230 2590 noster
1260 2557 1304 2590 sit
1339 2556 1408 2590 Dei
1440 2555 1588 2598 iustitia,

88 2605 186 2649 felix
211 2610 260 2640 eet
285 2610 316 2640 et
342 2605 462 2639 beatus
492 2606 554 2649 qui
575 2605 671 2650 facit
696 2605 869 2640 iustitiam
894 2605 931 2638 in
957 2604 1052 2639 omni
1076 2611 1238 2649 tempore,
1264 2605 1303 2639 t'd
1329 2610 1378 2639 eet
1400 2604 1588 2647 Christum,

99 2654 277 2698 quoniam,
302 2655 335 2688 ei
358 2654 448 2688 iuste
464 2655 611 2698 aqimus,
632 2653 827 2699 concipitur
850 2654 887 2688 in
911 2654 1011 2688 nobis
1029 2654 1194 2687 iustitia*
1217 2660 1248 2689 et
1271 2654 1416 2698 paritur
1431 2666 1474 2688 ex
1490 2653 1589 2688 nobis

100 2781 133 2816 s)
154 2784 207 2808 ont
226 2783 352 2808 tri-tius
376 2783 404 2813 ις
429 2782 532 2808 emend.
556 2782 708 2809 Frena-nu.

105 2892 140 2933 1)
180 2892 390 2935 Hieronymi
425 2893 546 2937 open,
580 2892 637 2926 ed.
678 2893 781 2926 Dom.
809 2893 989 2936 anlusii,
1025 2894 1187 2928 Venetiis
1218 2893 1322 2936 176⁹,
1358 2894 1439 2933 VII,
1477 2904 1512 2936 p.
1539 2892 1589 2925 11.

99 2941 232 2975 Psdm.
260 2941 323 2975 CV
349 2940 450 2984 (coll.
478 2940 578 2983 388).
