1878 3308
317 297 363 329 80
562 297 628 329 DE
655 297 863 330 UNITATE
890 296 1161 331 ECCLESIAE
1189 296 1556 331 CONSERVANDA.

318 410 451 464 cuius,
495 409 571 451 sed
610 410 655 451 in
694 416 796 462 toto,
835 408 999 451 scilicet
1037 410 1280 465 imperatori
1310 408 1529 452 Henricho
1568 409 1658 450 sive
1687 407 1810 464 Wig-

316 465 450 508 berdo
487 465 711 522 eidemque
750 465 943 522 pontifici
972 466 1188 518 Romano,
1229 465 1343 521 apud
1384 479 1457 507 eos
1486 464 1671 522 denique
1702 463 1808 506 nihil

318 522 399 564 nisi
443 521 498 564 ad
533 521 929 564 condemnationem
970 520 1112 564 valere
1144 521 1304 564 Christi
1342 527 1385 563 et
1423 520 1628 564 ecclesiae
1665 531 1806 563 'sacra-

317 584 482 631 menta,
528 593 636 635 quae
681 584 779 620 sunt
822 577 1063 634 baptisma³
1108 583 1150 620 et
1193 577 1377 619 chrisma
1423 583 1466 620 et
1515 577 1707 643 corporis
1755 590 1806 618 ac

319 634 538 691 sanguinis
568 634 746 676 Domini
775 635 992 690 mysteria.
1052 634 1170 690 Ergo
1203 632 1359 690 quibus
1390 648 1444 675 ex
1473 646 1615 675 causis
1645 640 1689 675 et
1718 647 1804 690 qua

316 691 567 733 necessitate
599 689 861 746 Wigberdus
891 705 1005 747 papa
1034 691 1090 732 sit
1118 690 1291 744 electus,
1331 703 1461 746 supra
1489 691 1574 731 iam
1605 688 1805 743 diximus,

319 748 392 803 qui
423 752 537 789 certe
566 761 644 802 per
673 747 778 799 eius,
809 761 917 803 quae
947 762 1046 789 vere
1076 754 1140 789 est
1171 746 1365 788 Romana
1395 744 1588 798 ecclesia,
1629 758 1807 787 consen-

319 817 412 844 sum
454 809 496 844 et
533 818 610 859 per
649 803 899 859 suffragium
930 802 1136 844 Henrichi
1175 803 1289 858 regis
1320 801 1596 858 eiusdemque
1625 801 1807 843 Romani

317 859 479 915 patritii
511 865 575 900 est
612 858 845 900 ordinatus.
905 858 992 901 Sed
1023 858 1243 915 Sylverius
1273 872 1398 914 papa,
1430 858 1543 900 sicut
1580 855 1736 913 legitur
1763 857 1809 898 in

320 915 464 957 Gestis
482 913 837 969 Pontificalibus¹‚
861 913 961 957 olim
982 931 1060 972 per
1074 916 1160 957 vim
1183 914 1349 957 levatus
1373 914 1519 973 [estb]3
1542 919 1584 956 et
1603 920 1650 956 ut
1672 927 1808 955 sacer-

318 970 439 1014 dotes
468 970 726 1013 ordinationi
755 972 845 1013 eius
882 971 1003 1013 iuxta
1038 972 1261 1028 antiquum
1292 984 1455 1012 morem
1491 968 1560 1012 vel
1589 970 1808 1012 decretum

318 1026 651 1080 subscriberent,
683 1027 891 1084 compulit
918 1034 1124 1084 tyrannus
1150 1027 1324 1084 quidam
1346 1025 1599 1082 Theodorus
1610 1033 1640 1068 ⁶.
1681 1025 1809 1079 Quod

319 1097 418 1126 cum
458 1084 649 1140 optinere
687 1098 772 1125 non
802 1090 960 1140 posset,
995 1083 1096 1126 licet
1125 1097 1296 1126 causam
1327 1082 1437 1124 hanc
1466 1081 1622 1139 gladiis
1651 1087 1810 1137 ageret,

319 1147 462 1182 tamen
500 1146 597 1195 post
637 1140 947 1182 ordinationem
985 1140 1121 1196 ipsius
1164 1139 1347 1195 Sylverii
1385 1138 1732 1195 subscripserunt
1769 1138 1810 1180 ei

319 1211 465 1238 omnes
492 1196 707 1237 communi
730 1210 951 1249 consensu,
981 1205 1157 1253 propter
1176 1196 1477 1238 adunationem
1496 1194 1698 1237 videlicet
1717 1194 1811 1236 reli-

317 1253 458 1307 gionis
489 1257 531 1294 et
559 1252 693 1308 pacis,
722 1267 777 1294 ne
804 1252 912 1295 forte
943 1254 1170 1295 sustineret
1208 1251 1389 1294 ecclesia
1427 1250 1602 1308 aliquod
1636 1250 1811 1293 scanda-

318 1309 405 1351 lum
446 1309 671 1351 scismatis.
729 1308 857 1350 Nunc
894 1315 1039 1350 autem
1075 1309 1267 1350 Romana
1305 1307 1487 1350 ecclesia
1532 1314 1575 1350 et
1609 1307 1809 1363 patritius

319 1366 609 1407 Romanorum
647 1372 954 1407 consenserunt
990 1365 1035 1406 in
1074 1364 1288 1420 Wigberti
1328 1364 1548 1417 electione,
1587 1369 1630 1406 et
1666 1369 1810 1405 tamen

318 1435 397 1464 nec
431 1428 530 1477 post
565 1421 793 1476 septimum
832 1436 989 1463 annum
1002 1429 1031 1476 ²,
1069 1436 1153 1478 quo
1194 1421 1419 1463 defunctus
1459 1424 1524 1462 est
1551 1418 1811 1462 Hildebrant

318 1492 445 1534 papa,
489 1476 587 1519 licet
626 1478 863 1519 Romanam
908 1477 1132 1520 ecclesiam
1175 1477 1303 1520 talem
1347 1475 1595 1533 pontificem
1639 1474 1810 1530 habere,

320 1533 458 1590 qualis
488 1533 743 1576 catholicum
774 1548 929 1590 corpus
959 1533 1164 1576 ecclesiae
1193 1548 1278 1575 non
1299 1531 1465 1587 dividit,
1496 1531 1572 1574 sed
1597 1532 1810 1588 integrare

318 1589 423 1632 illud
453 1595 496 1632 et
523 1590 644 1631 unire
674 1590 868 1643 intendit,
897 1605 992 1632 cum
1025 1591 1068 1631 in
1101 1588 1439 1632 Chalcedonensi
1468 1587 1650 1631 concilio
1681 1593 1810 1629 statu-

320 1655 410 1689 tum
450 1647 517 1699 sit,
557 1652 605 1688 ut
641 1646 754 1688 intra
790 1653 876 1688 tres
906 1661 1073 1688 menses
1103 1646 1286 1688 debeant
1315 1646 1612 1701 episcoporum
1644 1643 1811 1686 ordina-

319 1703 456 1744 tiones
476 1702 582 1753 fieri,
611 1702 696 1743 nisi
715 1702 821 1743 forte
841 1703 1069 1744 necessitas
1089 1700 1348 1743 excusabilis
1379 1701 1567 1756 coegerit
1595 1699 1811 1742 dilationis

320 1765 489 1814 tempus
525 1757 729 1821 protrahi.
788 1757 922 1811 Ecce,
965 1758 1021 1799 ad
1065 1757 1167 1813 quid
1204 1758 1399 1813 pervenit
1437 1763 1574 1799 mater
1619 1757 1810 1798 omnium
1846 1808 1849 1810 v

322 1814 619 1867 ecclesiarum,
668 1819 715 1855 ut
769 1814 989 1856 subiacere
1038 1814 1232 1855 videatur
1289 1813 1449 1855 iudicio
1498 1826 1810 1868 perversorum,

351 1885 430 1913 uae
469 1871 535 1912 ius
575 1870 703 1912 habet
742 1870 794 1912 de
832 1871 947 1912 omni
985 1870 1167 1912 ecclesia
1195 1869 1413 1911 iudicandi
1441 1883 1580 1924 neque
1610 1869 1810 1925 cuiquam

321 1887 375 1970 de
405 1927 496 1969 eius
525 1927 626 1968 licet
655 1925 845 1968 iudicare
875 1926 1047 1980 iudicio,
1079 1927 1189 1968 sicut
1210 1926 1473 1967 constituunt
1492 1924 1665 1967 decreta
1685 1939 1811 1966 cano-

320 1984 444 2025 num!
486 1983 600 2025 Ecce
618 1982 893 2038 WigberdUS,
923 1983 998 2038 qui
1028 1989 1069 2025 et
1090 1981 1288 2024 Clemens
1317 1996 1444 2038 papa,
1474 1981 1596 2022 cuius
1616 1980 1812 2023 doctrina

322 2048 435 2082 certe
465 2045 530 2082 est
558 2039 793 2095 apostolica
822 2045 864 2080 et
884 2039 1006 2081 cuius
1027 2039 1186 2095 scripta
1206 2053 1305 2080 vere
1336 2044 1435 2080 sunt
1454 2036 1676 2091 catholica,
1701 2037 1813 2078 sicut

321 2096 550 2138 didicimus
580 2110 636 2136 ex
656 2095 740 2148 illa,
771 2110 899 2152 quam
930 2100 1112 2137 tractare
1143 2095 1421 2150 suscepimus,
1453 2092 1630 2150 epistola
1641 2099 1671 2146 ³,
1702 2107 1811 2149 quae

323 2153 505 2208 scriptor
541 2150 651 2193 illius
689 2159 936 2207 pervertere
973 2151 1146 2193 molitur
1182 2151 1293 2192 inter
1326 2151 1531 2192 retatione
1569 2148 1811 2203 falsissima,

323 2210 433 2250 sicut
469 2207 746 2264 probabimus
785 2208 830 2248 in
869 2208 1064 2263 sequenti
1100 2206 1223 2257 libro,
1262 2206 1293 2248 il
1310 2222 1345 2260 e,
1383 2207 1573 2262 inquam,
1613 2204 1811 2248 Clemens

321 2279 436 2321 papa
463 2265 711 2306 inscribitur
739 2263 844 2305 falso
874 2263 944 2305 fur
973 2270 1101 2320 atque
1131 2263 1341 2305 hereticus
1380 2262 1433 2304 ab
1463 2261 1635 2303 homine
1663 2261 1810 2316 iniquo

323 2329 366 2363 et
409 2320 570 2363 doloso.
639 2320 930 2362 Veruntamen
974 2319 1241 2375 supradictus
1283 2332 1398 2374 papa
1442 2316 1676 2373 Sylverius,
1724 2317 1811 2358 iam

322 2377 608 2430 beatissimus,
640 2376 750 2417 sicut
778 2375 974 2432 legitur⁴,
1003 2375 1154 2428 factus,
1189 2381 1417 2430 postquam
1446 2387 1647 2415 revocare
1677 2372 1813 2415 noluit

322 2434 543 2474 Antimum
574 2431 875 2487 patriarcham,
904 2431 1119 2473 hominem
1145 2430 1393 2483 hereticum,
1422 2443 1448 2470 a
1467 2428 1593 2471 beato
1615 2428 1812 2485 Agapeto

322 2489 548 2531 decessore
578 2502 654 2529 suo
685 2488 924 2544 depositum
954 2501 1032 2543 pro
1062 2487 1252 2543 nequitia
1271 2485 1397 2538 illius,
1428 2491 1607 2541 propter
1625 2483 1707 2526 hoc
1734 2500 1813 2541 per
1873 2528 1875 2534 ,

323 2544 583 2586 iussionem&¹
603 2551 808 2599 augustae
830 2550 894 2585 est
919 2543 1162 2599 depositus3
1194 2542 1264 2583 cui
1280 2541 1462 2597 Vigilius
1485 2540 1812 2583 archidiaconus
1873 2571 1876 2575 ·

324 2601 414 2642 eius
454 2601 668 2651 successit,
708 2601 782 2655 qui
820 2613 1051 2655 praecipue
1085 2598 1364 2654 depositionis
1401 2597 1537 2653 ipsius
1575 2610 1703 2639 causa
1739 2612 1812 2639 ex·
1874 2592 1878 2632 Ᾰ

322 2657 420 2709 titit,
462 2656 535 2712 qui
574 2656 701 2697 etiam
742 2655 922 2697 eundem
952 2669 1109 2711 papam
1141 2669 1267 2696 suum
1297 2654 1513 2710 deportari
1548 2655 1594 2695 in
1633 2651 1810 2695 exilium

324 2758 354 2791 a)
377 2758 571 2791 baptismatis
594 2759 621 2783 1.
682 2756 714 2791 b)
736 2758 809 2783 deest
833 2759 859 2783 1.
923 2756 950 2791 c)
973 2757 1150 2783 Theodatus
1172 2757 1234 2783 Lib.
1250 2759 1332 2789 pom.
1393 2755 1424 2790 d)
1445 2757 1488 2782 ita
1499 2755 1592 2788 G.p.,·
1612 2756 1762 2782 visionem
1786 2756 1814 2780 1.

327 2842 360 2883 1)
395 2842 504 2874 Liber
530 2840 654 2884 pontif.
687 2826 800 2881 0259,
834 2840 859 2874 1.
888 2850 918 2873 c.
953 2850 988 2883 p.
1018 2839 1099 2872 129.
1204 2839 1240 2880 2)
1268 2838 1358 2871 Inde
1390 2837 1551 2877 efficitur,
1582 2838 1673 2870 haec
1702 2836 1830 2878 verba-
1872 2824 1874 2827 Ι

325 2894 476 2924 exeunte
503 2901 595 2923 anno
616 2889 720 2922 1092.
748 2890 880 2933 scripta
907 2899 996 2923 esse.
1114 2887 1152 2931 3)
1189 2888 1243 2921 Of.
1271 2887 1294 2920 l.
1319 2888 1388 2929 ΙΙΙ,
1425 2898 1455 2920 c.
1482 2887 1517 2920 2.
1639 2887 1677 2928 4)
1702 2885 1812 2919 Liber

324 2939 461 2983 pontif„
487 2939 511 2973 1.
532 2950 562 2972 c.
593 2950 628 2983 p.
655 2938 736 2972 130.
