1878 3308
321 271 407 304 XVI
927 267 1215 300 PRAEFATIO.

442 381 678 424 Waltramo
707 381 991 436 praepositus
1030 384 1124 420 erat
1159 378 1405 434 Hartviqus
1447 378 1596 422 archis
1628 379 1818 434 iscopus,

324 440 401 494 qui
453 454 482 480 a
526 437 739 494 G'reyorio
782 451 910 492 papa
954 435 1078 476 stetit.
1149 434 1194 476 Is
1247 434 1471 477 ordinavit
1521 435 1578 477 W
1634 449 1818 480 ramum.

323 494 496 536 Deinde
526 493 648 536 nobis
678 498 938 544 narratur¹‚
969 490 1169 533 coenobio
1190 490 1453 546 Peqaviensi
1483 505 1511 531 a
1531 490 1680 533 comite
1704 490 1821 546 Wiy-

325 551 439 592 berto
471 555 686 591 exstructo
727 555 764 591 et
805 563 923 590 anno
959 547 1078 589 1095.
1114 545 1326 603 perfecto,
1363 546 1631 603 Hartviqum
1675 546 1819 588 archi-

325 608 577 662 episcopum
606 605 643 646 7.
661 605 760 646 Kal.
778 604 890 660 Auq.
916 604 1037 645 1096.
1058 603 1300 659 Peyaviam
1319 603 1486 644 venisse
1505 608 1557 656 et,
1588 605 1823 658 cooperan-

325 663 441 704 tibus
471 663 511 703 ei
535 661 674 703 tribus
703 661 920 716 episcopis
941 659 1133 701 Albuino
1164 658 1525 715 Merseburqensi,
1554 657 1823 701 Walrabano

331 718 514 771 Gizensi,
536 716 712 759 Ezelino
734 716 1090 772 Havelberyensi,
1113 714 1360 757 coenobium
1381 728 1666 756 consecrasse.
1699 713 1821 756 Non-

327 774 442 816 nulli
473 775 664 816 homines
695 773 810 814 docti
840 772 922 814 hac
953 773 1001 813 in
1021 787 1068 813 re
1090 770 1362 827 offenderunt
1390 785 1524 827 eaque
1542 771 1822 826 potissimum

322 831 510 885 permoti
553 835 667 882 sunt,
711 835 759 870 ut
801 828 962 870 librum
1001 828 1053 869 de
1088 828 1257 869 unitate
1294 825 1390 868 eccl.
1422 841 1540 868 cons.
1587 825 1821 869 Waloramo

328 888 530 942 episcopo
550 885 883 941 Numburyensi
904 884 1152 925 abnuerent.
1192 882 1343 938 Neque
1364 883 1477 924 enim
1495 881 1604 935 fleri
1625 882 1823 938 potuisse

322 948 498 997 putant,
537 948 583 983 ut
623 942 692 983 liic
730 943 958 996 episcopus
990 940 1271 995 Har-tviyum,
1309 939 1473 1036 φιίρᾶἰρ
1540 939 1590 980 ui
1623 939 1664 980 ei
1685 951 1822 992 prae-

315 997 497 1053 fuisset,
527 1013 621 1039 eum
644 997 903 1049 ordinasset,
933 1012 1030 1038 cum
1060 1011 1105 1038 eo
1137 1010 1230 1036 una
1259 994 1384 1050 apud
1455 995 1502 1050 ἐς
1531 999 1669 1036 ertum
1699 994 1825 1036 comi-

327 1060 408 1096 tem
416 1053 595 1109 fuisset,
615 1052 840 1095 nonnullis
859 1052 966 1094 locis
985 1052 1089 1094 libri
1114 1052 1187 1092 sui
1200 1051 1622 1106 pseudoepiscopum
1643 1049 1728 1105 (II,
1744 1049 1823 1102 35)

329 1116 456 1166 atque
486 1111 616 1152 etiam
645 1109 822 1150 stultum
844 1115 1067 1163 pastorem
1097 1107 1182 1162 (H,
1211 1106 1289 1160 25)
1321 1121 1418 1148 cum
1449 1105 1642 1162 quadam
1671 1110 1821 1147 contu-

328 1165 458 1208 melia
487 1165 743 1221 appellaret.
804 1163 931 1206 Talia
951 1165 1110 1219 facere
1139 1177 1228 1205 non
1258 1162 1394 1204 solum
1431 1161 1713 1217 impudentis,
1750 1160 1826 1203 sed
1852 1174 1854 1176 ’

329 1223 459 1263 etiam
487 1221 780 1276 imprudentis
810 1235 911 1273 esse,
942 1235 1039 1262 eum
1069 1220 1138 1261 his
1167 1220 1306 1261 verbis
1334 1219 1422 1260 vim
1451 1224 1490 1260 et
1519 1218 1823 1260 auctoritatem

329 1293 435 1320 suae
463 1279 607 1334 ipsius
638 1278 938 1319 ordinationis
966 1277 1139 1318 tolleret.
1198 1275 1256 1315 At
1273 1273 1373 1330 fuit
1400 1280 1505 1316 tunc
1533 1274 1739 1330 temporis
1768 1288 1822 1315 ne

329 1349 423 1375 una
463 1333 636 1390 quidem
671 1334 920 1388 provincia,
955 1333 1004 1374 in
1066 1347 1125 1372 aa
1154 1345 1298 1372 omnes
1327 1331 1524 1386 episcopi
1552 1329 1666 1372 idem
1695 1329 1825 1371 senti-

330 1396 426 1431 rent
455 1396 494 1431 et
522 1404 608 1431 non
622 1387 909 1444 praeclarum
937 1348 1061 1430 illuc?
1074 1388 1264 1429 Terentii
1292 1401 1388 1428 vere
1409 1387 1574 1428 dictum
1602 1399 1692 1428 esse
1711 1399 1820 1440 pro-

331 1446 506 1488 barent:
538 1450 550 1470 ‘
579 1451 653 1486 uot
682 1446 873 1487 homines
902 1450 962 1486 tot
991 1443 1255 1485 sententiae’.
1314 1442 1507 1494 Accedit,
1543 1442 1660 1498 quod
1688 1441 1827 1496 scrip-

332 1503 439 1544 toris
470 1517 556 1557 apo
576 1503 702 1557 oqiae
731 1506 905 1542 nostrae
935 1500 1172 1542 inimicitia
1210 1503 1364 1540 contra
1400 1512 1570 1554 papam
1601 1511 1827 1553 omnesque

333 1559 410 1613 qui
432 1558 485 1598 ab
506 1573 552 1598 eo
574 1563 740 1598 starent
769 1563 877 1598 certe
907 1571 996 1598 non
1025 1556 1170 1611 maqis
1200 1561 1305 1596 nota
1337 1554 1535 1596 omnibus
1551 1553 1666 1610 fuit,
1724 1567 1828 1594 uam

341 1613 583 1666 Waltrami,
621 1614 698 1667 qui
737 1627 780 1653 se
821 1612 1127 1654 adversarium
1159 1625 1309 1665 papae
1345 1608 1544 1665 epistulis
1584 1609 1646 1651 ad
1680 1569 1826 1651 gudo-

334 1670 476 1711 vicum
514 1670 703 1710 comitem
743 1668 901 1722 (1094)
943 1673 981 1708 et
1019 1667 1079 1708 acl
1118 1665 1368 1707 Anselmum
1408 1664 1566 1719 (1098)
1607 1665 1724 1706 datis
1757 1678 1828 1707 εω-

335 1725 488 1767 hibuit.
532 1725 664 1777 Nam,
687 1739 783 1765 cum
807 1723 1072 1765 Waztramus
1103 1723 1156 1764 ab
1180 1722 1397 1777 Hartviyo
1418 1722 1548 1763 initio
1570 1722 1683 1763 anni
1704 1720 1826 1762 1091.

335 1782 565 1823 ordinatus
607 1787 734 1836 atque
777 1779 886 1821 liber
930 1780 1006 1835 qui
1049 1785 1110 1820 est
1151 1778 1201 1820 de
1241 1778 1409 1819 unitate
1446 1776 1542 1819 eccl.
1583 1792 1699 1819 cons.
1739 1787 1855 1818 non*

337 1843 436 1878 ante
467 1851 634 1878 annum
662 1836 782 1877 1093.
813 1837 862 1877 in
893 1835 1051 1892 vulqus
1081 1834 1221 1876 editus
1252 1836 1322 1885 sit,
1353 1839 1461 1875 certe
1491 1847 1579 1875 non
1610 1833 1687 1874 hoc
1717 1831 1828 1875 libro

337 1899 415 1934 aut
461 1894 692 1947 scriptoris
733 1891 892 1947 infesto
938 1892 1085 1932 animo
1128 1890 1383 1945 impeditum
1427 1897 1516 1931 esse
1561 1889 1828 1945 Hartviyum

336 1948 638 2004 intelle-aimus,
697 1949 901 1989 uominus
932 1949 1181 2002 episcopum
1213 1945 1452 1987 ordinaret.

448 2005 515 2045 De
555 2006 647 2046 vita
737 2003 914 2045 altrami
951 2003 1148 2058 episcopi
1185 2001 1300 2043 nihil
1337 2001 1529 2056 amplius
1572 2006 1720 2042 notum
1756 2005 1830 2052 est,

338 2061 454 2116 quod
485 2061 544 2103 ad
563 2061 613 2102 id
633 2060 750 2116 quod
780 2074 859 2101 nos
889 2060 1156 2115 quaerimus,
1187 2073 1291 2099 num
1313 2059 1505 2112 scriptor
1524 2071 1612 2099 esse
1637 2056 1831 2112 potuerit

337 2117 441 2159 libri
480 2118 631 2170 nostri,
669 2117 916 2170 pertineat;
957 2115 1048 2156 nisi
1086 2115 1164 2156 hoc
1204 2128 1340 2155 unum
1377 2113 1460 2154 huc
1497 2118 1674 2168 spectat,
1714 2111 1832 2167 quod

337 2188 539 2228 supremo
577 2173 732 2214 aetatis
773 2186 880 2213 suae
920 2177 1106 2226 tempore
1144 2170 1204 2211 ad
1231 2175 1389 2225 partes
1417 2183 1572 2224 papae
1607 2169 1831 2210 transiit².

339 2228 562 2271 Glorificat
579 2229 722 2270 Deum
751 2228 797 2268 in
826 2242 894 2270 me
923 2225 1132 2268 catholica
1161 2225 1358 2277 ecclesia,
1388 2224 1590 2280 quoniam
1619 2224 1665 2266 in
1688 2230 1836 2265 nostra

338 2286 572 2327 mutatione
602 2284 772 2326 divinae
801 2283 1003 2325 bonitatis
1033 2296 1088 2337 ap
1123 2286 1214 2323 aret
1242 2282 1394 2336 gratia.
1441 2279 1593 2322 Gratia
1621 2278 1705 2321 Dei
1736 2293 1832 2320 sum

339 2340 383 2382 id
427 2341 542 2396 quod
586 2355 700 2394 sum3
745 2355 800 2381 ex
839 2338 970 2381 Saulo
1007 2339 1100 2380 Pau
1117 2352 1187 2391 us3
1231 2351 1287 2378 ex
1324 2335 1572 2378 adversario
1614 2335 1833 2377 Romanae

341 2396 548 2438 ecelesiae
582 2397 758 2437 intimus
788 2394 985 2437 Paschali
1015 2408 1167 2451 papae,
1197 2392 1522 2448 acceptissimus
1552 2389 1833 2433 cardinalium

340 2454 697 2506 consecretarius3
729 2458 771 2494 et
799 2453 843 2492 in
873 2450 1070 2493 omnibus
1105 2450 1149 2490 in
1185 2449 1266 2490 hac
1295 2454 1417 2504 parte
1446 2461 1676 2504 prosperos
1708 2460 1834 2503 spero

341 2523 578 2549 successus.
637 2508 793 2563 Ioseph
823 2509 868 2548 in
897 2507 1024 2549 domo
1055 2505 1303 2558 Pharaonis,
1343 2518 1423 2559 ego
1457 2505 1503 2545 in
1531 2502 1689 2559 palatio
1720 2502 1835 2544 Hen-

341 2564 419 2605 riei
455 2565 734 2619 imperatoris.
792 2565 1071 2619 anoramus,
1111 2577 1194 2617 quo
1234 2575 1354 2602 anno
1390 2560 1496 2601 haec
1541 2557 1730 2614 epistula
1771 2559 1833 2600 ad

342 2619 590 2662 Anselmum
630 2622 764 2661 missa
802 2621 871 2672 sit,
911 2620 985 2661 sed
1019 2619 1069 2659 id
1104 2623 1212 2660 certe
1251 2622 1431 2669 constat,
1471 2615 1588 2657 hanc
1617 2615 1754 2656 studii
1783 2629 1834 2656 ac

343 2676 577 2718 voluntatis
607 2677 655 2717 in
695 2675 929 2717 Waltramo
960 2675 1345 2725 commutationem,
1381 2672 1507 2713 cuius
1535 2670 1616 2713 illa
1644 2669 1835 2726 epistula

343 2732 462 2772 testis
501 2738 572 2783 est,
614 2746 698 2772 non
735 2737 833 2772 ante
862 2737 1034 2772 mortem
1066 2730 1251 2771 Henrici
1279 2728 1356 2770 IV.
1387 2734 1424 2770 et
1454 2726 1686 2769 concilium
1717 2725 1836 2768 Gua-

347 2866 381 2907 1)
402 2866 500 2946 grizo.
526 2865 658 2945 {Ege-V.
686 2864 732 2896 ad
759 2875 791 2896 a.
814 2863 918 2903 1096,
946 2863 1012 2897 SS.
1039 2864 1135 2905 XVI,
1162 2875 1196 2906 p.
1216 2863 1301 2896 245.
1402 2862 1438 2903 2)
1467 2862 1506 2896 S.
1530 2859 1692 2893 Anselmi
1717 2858 1837 2901 Opera

345 2926 379 2957 p.
473 2932 517 2937 —
598 2938 605 2945 .
