1878 3308
331 318 378 351 84
583 319 650 351 DE
676 317 887 351 UNITATE
914 315 1188 351 ECOLESIAE
1216 317 1587 354 CONSERVANDA.

330 435 503 469 audacter
529 433 667 477 empetia
701 444 773 466 non
798 433 957 476 requirit,
989 433 1052 467 sed
1077 437 1242 467 ornatum
1266 433 1421 468 moribus
1448 439 1480 469 et
1504 435 1545 469 in
1569 434 1686 469 verbis
1711 434 1832 468 erudi-

331 496 415 524 tum.
462 478 538 522 Ille
568 484 712 521 autem
742 492 872 534 saepe
911 478 1050 520 dictus
1082 478 1186 521 Otto
1216 480 1553 536 praecipitanter
1581 479 1763 522 ambivit
1791 486 1834 522 et

330 536 490 577 invasit
510 535 655 577 sedem
676 533 972 591 apostolicam,
1002 549 1106 577 usus
1127 549 1258 577 manu
1283 541 1326 577 et
1344 534 1507 578 auxilio
1527 536 1830 593 pessimorum,

330 591 447 648 apud
478 606 587 648 quos
616 605 696 633 nec
717 589 958 632 divinarum
988 605 1069 633 nec
1088 589 1375 633 humanarum
1395 591 1510 634 valet
1537 591 1701 650 aliquid
1731 606 1831 645 con-

331 648 496 690 stitutio
511 647 668 704 legum.
701 646 1005 703 Symmachus¹
1026 660 1155 704 papa,
1174 646 1365 702 generali
1384 647 1633 704 praesidens
1649 647 1832 705 synodo,

331 704 459 746 dixit:
490 713 532 748 Si
548 712 638 757 quis,
659 724 763 756 papa
778 711 992 755 superstitess
1017 717 1049 746 et
1074 723 1113 747 eo
1141 711 1348 756 inconsulto,
1375 718 1438 747 aut
1454 712 1743 757 subscriptionem
1761 724 1831 756 pro

331 764 493 798 Romano
533 761 745 806 pontificatu
784 761 1004 795 commodare
1046 765 1109 794 aut
1141 772 1211 805 pro
1248 758 1348 796 aliob
1376 763 1582 806 promittere
1614 768 1678 796 aut
1708 773 1831 796 sacra-

331 817 486 846 mentum
513 811 687 855 praebere
722 809 942 854 temptaverit
978 814 1040 843 aut
1067 810 1214 854 aliquod
1240 817 1330 846 certe
1357 811 1569 857 suffragium
1588 811 1752 855 polliceri
1776 812 1832 845 vel

331 863 376 896 de
402 862 468 895 hac
494 871 607 894 causa
626 859 782 903 privatis
808 858 1057 893 conventiculis
1073 860 1188 904 sactis
1214 859 1410 895 deliberare
1436 860 1575 905 aliquid
1601 864 1691 894 autc
1715 860 1833 894 decer-

332 928 416 951 ‘nere
436 915 718 959 praesumpserit
729 912 760 956 d,
787 915 854 948 loci
878 915 935 948 sui
960 913 1131 958 diynitate
1157 916 1212 949 vel
1237 916 1478 950 communione
1496 915 1674 959 privetur.
1715 904 1832 947 Ecce

331 968 477 1004 autem
516 961 560 1002 in
599 961 780 1017 privatis
821 959 1133 1002 conventiculis
1169 962 1313 1016 agitur
1349 960 1403 1002 de
1432 960 1688 1026 pontificatu
1718 959 1833 1003 sedis

333 1016 612 1074 apostolicae,
652 1030 763 1073 quae
799 1016 880 1058 sub
919 1014 1206 1058 Hildebranto
1246 1023 1360 1059 certe
1400 1017 1573 1060 wdetur
1606 1016 1835 1074 privilegia

333 1074 543 1131 primatus
573 1073 639 1114 sui
658 1073 868 1126 amisisse,
899 1086 995 1114 cum
1017 1073 1110 1128 ipse
1130 1072 1314 1116 voluerit
1342 1087 1430 1115 non
1449 1073 1568 1130 apud
1587 1087 1697 1127 eam,
1723 1087 1834 1130 quae

333 1137 469 1172 mater
499 1135 564 1171 est
592 1129 783 1171 omnium
813 1128 1104 1183 ecclesiarum,
1135 1129 1275 1172 sedin
1297 1136 1420 1186 parte
1448 1144 1624 1172 suorum
1654 1143 1748 1171 esse
1767 1130 1834 1172 ius

333 1191 678 1243 potestatemque
714 1183 935 1227 iudicandi
972 1198 1057 1227 non
1095 1184 1234 1227 solum
1263 1184 1317 1227 de
1347 1200 1606 1243 unaquaque
1635 1185 1835 1240 ecclesia,

334 1243 410 1285 sed
450 1242 503 1284 de
543 1241 558 1282 i
592 1256 640 1283 sa
676 1255 847 1298 quoque
878 1241 1072 1283 Romana
1094 1241 1286 1286 ecclesia.
1336 1241 1542 1299 Ideoque,
1574 1242 1687 1284 sicut
1715 1241 1834 1284 Le0²

334 1312 450 1356 papa
479 1255 630 1340 scrissit
658 1305 701 1339 et
729 1296 940 1339 catholica
966 1296 1150 1340 ecclesia
1170 1299 1400 1341 consentit:
1428 1307 1660 1352 Privileqium
1683 1311 1836 1342 moretm·

335 1358 475 1393 omnino
511 1357 682 1399 amittere,
716 1357 779 1400 qui
797 1357 976 1401 permissa
1000 1357 1070 1391 sibi
1094 1358 1253 1391 abutitur
1270 1362 1457 1402 potestate.

448 1403 517 1446 24.
569 1402 686 1445 Ecce
715 1402 830 1444 enim
858 1403 976 1445 idem
997 1402 1259 1446 Hildebrant
1279 1402 1576 1447 Coloniensem
1608 1399 1836 1444 ecclesiam

335 1459 424 1502 suis
478 1473 651 1516 quoque
702 1457 943 1515 privilegiis
987 1458 1202 1515 spoliavit,
1253 1460 1328 1516 qui
1371 1459 1587 1514 Hartvigo
1629 1457 1837 1514 Magada-

334 1515 563 1571 burgensis
609 1512 818 1558 ecclesiae
858 1516 1062 1571 episcopo
1108 1515 1190 1558 hoc
1229 1516 1444 1559 concessit
1486 1521 1529 1558 et
1571 1513 1654 1556 hoc
1698 1514 1836 1566 iussit,

334 1577 383 1614 ut
419 1572 624 1614 terminos
663 1577 836 1628 patrum
875 1570 1259 1627 transgrediendo⁰
1299 1571 1522 1614 invaderet
1563 1570 1836 1627 parrochiam

335 1627 510 1670 alterius
539 1626 856 1684 metropolitani
884 1628 1078 1683 episcopi
1109 1634 1151 1670 et
1172 1627 1391 1670 ordinaret
1420 1628 1675 1684 episcopum
1706 1640 1836 1683 quen-

336 1683 437 1725 dam
467 1682 790 1739 Reginhardum
820 1683 865 1724 in
894 1683 1110 1725 Mindensi
1139 1683 1344 1726 ecclesias
1375 1683 1430 1725 ad
1467 1687 1762 1738 contemptum
1797 1687 1839 1724 et

336 1740 391 1782 ad
420 1739 619 1781 iniuriam
652 1738 849 1794 sigiwini
879 1738 1148 1782 Coloniensis
1177 1738 1506 1796 archiepiscopi.
1578 1738 1676 1781 Hoc
1707 1738 1837 1781 etiam

335 1794 537 1852 exemplo
558 1800 819 1837 memoratus
841 1793 944 1838 Otto
966 1796 1195 1852 episcopus
1218 1795 1367 1839 Ostiae
1387 1795 1685 1851 Moguntinam
1706 1793 1840 1836 eccle-

336 1853 446 1893 siam
485 1851 575 1893 suis
646 1865 789 1907 uoque
828 1850 1066 1907 privilegiis
1105 1850 1306 1908 spoliavit
1342 1858 1472 1909 atque
1499 1851 1594 1908 ipse
1623 1858 1836 1906 transgre-

336 1906 492 1950 diendo
523 1908 636 1949 simu
670 1908 874 1949 terminos
902 1913 1073 1963 patrum
1102 1907 1374 1964 parrochiam
1403 1905 1721 1964 metropolitani
1750 1907 1838 1972 epi-

336 1964 460 2020 scopi
488 1964 649 2006 invasit
677 1969 721 2005 et
748 1962 804 2004 ad
834 1970 1124 2020 contemptum
1154 1970 1283 2021 atque
1311 1963 1369 2006 ad
1397 1964 1597 2006 iniuriam
1627 1962 1838 2007 Wezehni

336 2020 650 2076 archiepiscopi
678 2017 983 2062 Gebehardum
1014 2019 1229 2077 quendam
1249 2021 1293 2062 in
1315 2019 1634 2063 constantiensi
1659 2018 1840 2062 ecclesia

337 2078 589 2133 episcopum
620 2075 847 2129 ordinavit,
878 2090 978 2119 cum
1007 2075 1148 2118 adhuc
1177 2076 1304 2118 etiam
1335 2077 1517 2119 vixisset
1541 2075 1643 2119 Otto
1674 2075 1838 2133 episco-

336 2147 419 2189 pus
458 2133 594 2188 ipsius
626 2131 967 2174 Constantiensis
1006 2131 1235 2187 ecclesiae3
1272 2132 1349 2175 sed
1384 2133 1471 2175 iam
1532 2131 1670 2174 ridem
1698 2132 1754 2174 ab
1785 2146 1838 2174 ea

337 2187 546 2245 expulsus
577 2194 642 2229 est
670 2188 890 2243 iniuriose,
921 2188 1023 2245 quia
1050 2188 1188 2232 noluit
1215 2189 1262 2230 in
1291 2195 1412 2245 parte
1442 2188 1501 2230 Hi
1519 2187 1715 2231 debranti
1744 2202 1838 2230 esse

338 2251 383 2286 et
412 2259 504 2287 esse
526 2245 839 2286 communionis
869 2251 1087 2287 externae.
1133 2244 1207 2287 Sic
1229 2260 1330 2288 vero
1360 2251 1604 2288 sanctorum
1625 2258 1837 2287 canonum

337 2300 511 2356 regulae
551 2299 851 2342 custodiuntur
889 2306 932 2343 et
968 2301 1186 2343 observari
1222 2300 1480 2344 mandantur
1505 2300 1574 2343 vel
1603 2299 1658 2342 ab
1687 2299 1837 2343 Hilde-

338 2356 491 2399 branto
530 2356 599 2399 vel
636 2356 691 2398 ab
730 2355 902 2410 Ottone‚
971 2371 1018 2399 ro
1059 2358 1216 2414 quibus
1253 2371 1344 2411 vos,
1412 2357 1456 2398 ui
1495 2355 1663 2399 habetis
1697 2357 1835 2398 zelum

339 2426 547 2466 amarum,
588 2411 785 2454 occiditis
823 2418 865 2455 et
899 2428 948 2455 ze
965 2413 1059 2462 atis,
1098 2412 1276 2470 litigatis
1311 2418 1354 2455 et
1382 2372 1663 2468 {elligeratiffi
1698 2427 1753 2454 ne
1783 2412 1839 2455 sit

339 2467 448 2510 alius
491 2467 686 2524 pontifex
727 2467 839 2510 sedis
883 2467 1156 2524 apostolicae,
1199 2469 1282 2510 nisi
1324 2483 1403 2524 per
1442 2483 1569 2524 quem
1609 2467 1837 2525 disciplina

341 2523 548 2566 ecclesiae
579 2530 794 2566 evertatur
824 2529 865 2566 et
893 2525 966 2581 qui
997 2530 1145 2566 contra
1173 2525 1469 2567 auctoritatem
1490 2524 1668 2566 Domini
1689 2526 1836 2568 venire

340 2579 553 2631 videatur,
581 2586 629 2621 ut
648 2580 734 2621 iam
756 2580 955 2622 omnibus
975 2580 1170 2622 hereticis
1200 2580 1342 2623 aditus
1371 2581 1583 2637 ianuaque
1608 2582 1835 2637 pandatur.

341 2704 372 2739 a)
394 2706 540 2732 incolumi
562 2705 620 2732 Gel.
700 2705 731 2739 b)
754 2707 882 2738 pittacio
905 2707 965 2734 θεῖ.
1046 2706 1074 2741 c)
1097 2708 1191 2734 delib.
1213 2710 1304 2740 atque
1327 2708 1452 2735 decern.
1475 2708 1533 2734 Get.
1625 2707 1657 2743 d)
1679 2709 1753 2735 deest
1776 2708 1836 2736 Get.

341 2745 368 2778 e)
391 2754 421 2778 p.
445 2748 481 2771 tr.
505 2747 627 2777 patrum
649 2745 711 2772 inv.
739 2748 766 2772 1.

344 2858 379 2899 1)
406 2858 599 2890 Decretum
626 2857 799 2900 synodale
827 2858 1033 2900 Symmachi
1058 2869 1186 2902 papae,
1212 2860 1315 2892 Thiel
1340 2860 1371 2900 Ι,
1397 2872 1432 2904 p.
1453 2860 1533 2894 646.
1611 2860 1648 2902 2)
1675 2860 1836 2893 Decreta

341 2906 476 2940 Leonis
501 2907 547 2939 ad
575 2908 686 2950 episc.
714 2906 873 2940 diversos
899 2918 957 2950 ap.
984 2908 1197 2941 Hinschium
1223 2921 1257 2953 p.
1281 2908 1363 2942 614.
1440 2908 1480 2952 3)
1509 2909 1563 2942 Cf.
1589 2909 1682 2942 Ann.
1701 2909 1834 2952 Yburg.

343 2966 375 2989 a.
402 2955 508 2997 1080,
538 2955 602 2989 SS.
629 2955 723 2997 XVI,
757 2967 792 2999 p.
820 2955 904 2989 437.
