1878 3308
289 276 357 311 DE
382 275 593 310 UNITATE
619 274 893 309 EOOLESIAE
922 273 1292 308 CONSERVANDA.
1483 273 1551 306 113

63 389 272 444 Salvator,
342 388 389 432 ui
426 387 509 430 hoc
549 388 594 429 in
629 385 856 442 euangelio
896 392 988 428 orat
1022 393 1064 429 et
1092 384 1173 428 hoc
1203 384 1296 428 fieri
1325 385 1552 440 desiderat,

62 453 126 502 ut,
153 459 285 505 quom
345 458 371 488 o
399 458 535 487 unum
572 449 671 486 sunt
700 443 827 486 Pater
863 448 907 485 et
934 440 1084 496 Filius,
1113 443 1176 484 sic
1205 448 1247 485 et
1275 455 1354 484 nos
1382 443 1427 484 in
1457 443 1553 498 ipsa
1566 452 1632 479 1011-
1647 453 1754 486 1⁷2²&

63 502 226 546 unitate
252 515 516 545 maneamus.
572 499 662 553 Ille,
691 500 881 556 inquam,
910 505 1056 541 nostra
1083 498 1317 554 respiciens
1346 504 1553 555 tempora,
1566 511 1639 539 nuc.
1651 511 1696 545 ιε,
1707 511 1736 539 s.

61 557 253 617 loquitur
287 559 399 601 inter
417 563 579 600 cetera:
609 555 764 609 Filius,
794 555 1004 612 inquienS,
1035 555 1220 597 hominis
1249 569 1345 597 cum
1374 555 1552 608 venerit,

56 621 198 681 putas
225 614 417 658 inveniet
433 614 570 669 fidem
598 614 649 656 in
676 610 827 655 terra?
884 609 1018 654 Verbi
1055 611 1216 667 gratia:
1256 624 1357 653 ecce
1394 610 1555 653 iuravit

62 671 311 728 imperatori
325 669 541 726 Egbertus
562 667 765 722 marchio,
783 673 831 709 ut
849 665 987 709 fidelis
1006 666 1047 709 ei
1068 674 1193 720 esset,
1214 667 1336 710 iuxta
1352 666 1468 724 quod
1481 665 1555 708 ad-

62 733 211 771 monet
246 725 466 784 apostolus
504 739 652 768 servos
683 723 844 767 Christi
873 723 1048 767 obedire
1089 722 1274 765 dominis
1311 721 1555 765 carnalibus

63 783 176 827 εἰπὲ
203 781 390 828 Christo.
449 781 578 836 Quod
605 780 771 823 scilicet
798 779 1086 823 iuramentum
1115 780 1152 821 si
1183 780 1239 822 sit
1266 778 1556 832 observatum,

63 837 280 898 quomodo
309 840 431 882 iuxta
459 837 710 881 sententiam
740 834 853 878 illius
883 836 1104 893 scriptoris
1132 836 1179 877 in
1202 835 1394 892 peiorem
1414 835 1555 890 vergit

64 894 262 939 exitum?
302 894 503 938 Fortasse
532 893 824 937 nobilissimus
853 890 923 935 ille
952 891 1200 935 adolescens
1231 891 1371 934 adhuc
1392 891 1557 934 viveret

62 958 109 996 et
136 951 303 995 occisus
330 966 416 994 non
447 957 572 1004 esset,
611 950 647 991 si
676 950 800 992 iuxta
836 948 882 991 id
913 947 1030 1006 quod
1058 949 1274 990 iuraverat
1305 948 1555 1004 imperatori

61 1006 201 1052 fidelis
235 1013 349 1051 esset
386 1013 430 1050 et
462 1005 670 1064 pacificus
705 1005 935 1059 extitisset3
975 1012 1018 1047 et
1053 1005 1091 1046 si
1126 1003 1266 1047 eidem
1306 1004 1554 1061 imperatori

61 1063 302 1108 iuramenta
335 1077 415 1107 sua
449 1068 691 1106 servassent
728 1061 946 1119 principes
984 1062 1118 1118 regni,
1148 1067 1263 1103 certe
1292 1074 1379 1102 non
1407 1059 1557 1102 fuisset

61 1119 177 1164 facta
204 1120 359 1163 divisio
395 1120 529 1177 regni,
561 1126 604 1162 et
636 1133 724 1161 non
753 1124 894 1161 essent
921 1118 1122 1160 intestina
1150 1116 1256 1160 haec
1284 1115 1410 1170 bella,
1440 1115 1554 1158 unde

61 1175 295 1220 admodum
325 1175 542 1219 destructa
569 1181 633 1218 est
663 1174 842 1217 ecclesia
872 1174 1036 1230 pariter
1064 1181 1107 1216 et
1134 1188 1202 1216 res
1230 1172 1418 1230 publica.
1468 1171 1556 1215 Sed

60 1239 240 1299 propter
256 1239 353 1276 tran
427 1233 639 1275 essionem
664 1232 998 1273 iuramentorum
1018 1229 1132 1272 facta
1151 1236 1250 1272 sunt
1271 1228 1378 1271 haec
1400 1228 1555 1281 omnia,

61 1295 108 1332 et
146 1288 219 1333 1lle
260 1303 378 1332 marc
408 1289 451 1331 io
488 1289 655 1331 occisus
692 1295 758 1330 est
795 1286 1056 1328 infidelitatis
1095 1299 1196 1327 suae
1226 1300 1370 1339 causa,
1399 1291 1443 1327 et
1469 1285 1555 1326 iam

62 1359 150 1388 non
176 1345 335 1402 poterit
362 1345 401 1388 ei
430 1344 635 1402 prodesse
663 1343 732 1386 vel
761 1357 864 1385 suus
895 1343 983 1385 Gre
1015 1341 1131 1384 orius
1159 1340 1228 1384 vel
1255 1340 1412 1399 aliquis
1441 1339 1556 1382 illius

62 1402 199 1459 partis
228 1401 374 1458 episco
407 1415 472 1455 us,
502 1401 719 1458 quoniam,
747 1400 870 1441 iuxta
899 1357 1014 1455 quod
1043 1398 1087 1439 in
1116 1397 1226 1440 libro
1256 1397 1310 1439 de
1339 1396 1557 1438 dominica

61 1457 259 1501 oratione
299 1458 380 1500 scri
414 1457 447 1500 it
485 1463 658 1499 sanctus
689 1455 932 1511 Cyprianus
967 1454 1244 1511 episeopus1:
1277 1462 1500 1497 Discordam
1525 1467 1557 1496 et

64 1517 243 1553 &seidone
267 1521 301 1552 et
310 1528 438 1562 pacem
463 1516 732 1560 cumfratribus
757 1527 829 1549 non
855 1515 999 1556 habene,
1024 1525 1088 1548 nec
1113 1513 1145 1548 si
1165 1525 1237 1557 pro
1255 1511 1402 1546 Domini
1417 1510 1556 1544 nomine

62 1566 200 1601 oce-‘aue
214 1567 344 1611 fuerit,
370 1566 500 1600 cn'men
525 1565 754 1599 dissensionis
777 1565 973 1608 fraternae
992 1561 1123 1606 poterit
1156 1562 1316 1604 evadere,
1342 1560 1440 1604 quia,
1466 1559 1557 1593 sicut

63 1616 232 1660 seriptum
255 1620 318 1658 eet,
343 1614 406 1659 qui
419 1616 578 1659 fratrem
602 1625 705 1648 mum
730 1613 803 1647 odit
829 1611 1005 1647 homicida
1036 1617 1097 1653 est,
1129 1622 1192 1645 nec
1226 1611 1275 1644 ad
1299 1620 1446 1654 reynum
1479 1619 1556 1642 cae·
1573 1612 1768 1647 1.1oh.⁸,15.

14 1680 17 1681 ’
62 1671 179 1706 lona
197 1670 361 1715 pervertit
395 1675 459 1703 aut
489 1681 567 1703 cum
591 1668 668 1702 Deo
694 1668 780 1702 vivit
805 1666 991 1702 homicida.
1044 1666 1126 1700 Non
1146 1672 1263 1709 potest
1288 1676 1372 1705 esse,
1404 1653 1557 1710 inquit,

64 1731 145 1755 cum
169 1718 316 1762 asiaco,
342 1719 405 1763 qui
428 1718 584 1752 imitator
610 1717 725 1751 Iudae
749 1717 876 1750 maluit
900 1727 973 1750 esse
998 1727 1104 1759 quam
1129 1714 1269 1749 cmv-isti.

177 1764 246 1808 35.
289 1765 429 1821 Igitur
456 1769 684 1820 postquam
778 1762 924 1805 bertus
954 1760 1143 1803 marchio
1174 1759 1344 1816 decepit
1372 1758 1556 1815 impera-

63 1827 214 1876 torem,
252 1821 365 1864 sicut
402 1819 603 1872 diximus,
642 1818 743 1860 dein
777 1833 800 1860 e
839 1824 882 1860 et
918 1818 1010 1874 ipse
1048 1817 1208 1873 pariter
1244 1815 1449 1872 deceptus
1478 1819 1556 1866 est,

66 1877 270 1937 quoniam
299 1875 493 1934 episcopi
521 1889 621 1917 eum
650 1874 888 1917 fefellerunt
900 1881 929 1926 ²,
957 1887 1043 1915 non
1073 1873 1112 1915 ei
1142 1872 1347 1914 donantes
1376 1884 1557 1926 regnum

65 1932 183 1993 quod
224 1933 535 1990 promiserunt3
580 1938 841 1996 quapropter
885 1930 1058 1971 secessit
1099 1942 1126 1969 a
1162 1934 1283 1993 parte
1323 1940 1470 1969 eorum
1514 1932 1557 1967 et

67 1991 272 2033 societate
310 1994 353 2031 et
389 1988 557 2040 iterum,
597 1987 708 2028 datls
749 1985 970 2029 obsidibus
1004 1990 1131 2040 atque
1168 1982 1428 2034 iuramentis,
1459 1995 1557 2023 con-

66 2045 255 2089 firmavit
301 2050 472 2102 paetum
516 2043 636 2099 pacis
680 2049 722 2084 et
763 2041 864 2083 fidei
904 2055 1000 2083 cum
1049 2041 1318 2096 imperatore.
1388 2038 1558 2079 Interea

69 2101 250 2158 contigit
283 2100 364 2143 hoc
431 2098 517 2140 uod
547 2112 677 2155 supra
706 2098 907 2150 diximus,
939 2096 1039 2153 quia
1067 2102 1170 2137 tunc
1200 2094 1366 2137 occisus
1395 2100 1458 2136 est
1486 2091 1557 2134 ille

67 2156 314 2202 Burcardus
335 2156 374 2198 H
449 2154 692 2197 erstatensis
721 2154 866 2210 episco
900 2167 949 2194 us
979 2167 1005 2194 a
1034 2152 1120 2193 suis
1149 2148 1443 2207 popularibus,
1471 2162 1558 2190 non

5 2223 14 2268 ζ
67 2214 114 2257 id
134 2219 288 2271 agente
308 2211 566 2264 marchione,
598 2209 673 2252 sed
693 2216 835 2251 tamen
895 2222 946 2251 oc
974 2208 1129 2250 factum
1159 2208 1253 2263 ipso
1278 2204 1556 2262 approbante.

10 2299 14 2307 ·
68 2270 183 2314 Tum
202 2269 331 2313 etiam
356 2267 425 2311 ille
453 2267 686 2322 Hartvigus
706 2264 1117 2321 Magadaburgensis
1179 2261 1556 2317 seudoepiscopus‚

8 2367 10 2369 ,
69 2341 171 2370 cum
212 2340 300 2368 non
342 2331 488 2382 posset
530 2321 643 2365 solus
684 2337 781 2364 cum
823 2321 972 2387 paucis
1016 2278 1296 2377 compiicibus
1340 2318 1427 2359 suis
1469 2316 1557 2358 vim

8 2418 20 2436 5
69 2382 280 2426 sustinere
317 2380 385 2424 vel
424 2379 682 2422 marchionis
716 2377 784 2420 vel
822 2376 1103 2434 imperatoris,
1140 2375 1256 2418 venit
1293 2374 1337 2415 in
1427 2373 1556 2415 atiam

14 2466 20 2470 -
69 2438 354 2496 imperatoris,
381 2437 503 2479 iuxta
532 2434 648 2492 quod
677 2449 805 2491 supra
825 2433 984 2476 dictum
1014 2439 1078 2475 est
1106 2446 1131 2474 a
1159 2429 1282 2473 nobis
1295 2436 1325 2471 ³.
1409 2435 1558 2471 tcerte

71 2496 264 2553 utrisque
302 2492 426 2537 alteri
463 2500 612 2535 contra
649 2490 827 2533 alterum
868 2490 951 2531 iam
990 2489 1217 2540 iuraverat,
1254 2486 1327 2543 qui
1372 2491 1414 2528 et
1449 2485 1559 2527 inter

71 2552 375 2609 imperatorem
412 2548 537 2591 simul
577 2555 619 2590 et
658 2545 945 2589 marchionem
982 2545 1041 2587 ita
1083 2543 1248 2586 medius
1292 2540 1556 2593 versabatur,

6 2655 9 2657 ,
72 2613 133 2662 ut,
176 2607 214 2650 si
255 2606 348 2650 fieri
383 2611 541 2662 posset,
579 2602 760 2647 alterum
795 2602 973 2660 perdere
1012 2615 1090 2658 per
1126 2598 1305 2642 alterum
1340 2597 1557 2640 voluisset.

77 2770 117 2814 1)
142 2770 313 2816 Cypriani
339 2771 458 2814 Opera
483 2781 518 2813 p.
539 2769 622 2802 285.
711 2768 747 2807 2)
775 2769 920 2811 Opin0r‚
947 2767 1134 2810 episcopos
1160 2764 1242 2798 ideo
1268 2762 1372 2796 fidem
1400 2761 1558 2803 Egberto

75 2818 198 2854 datam
215 2831 286 2854 non
304 2820 534 2863 praestitisse,
560 2817 654 2862 quod
673 2818 859 2861 imperium
878 2815 1051 2848 infirmnm
1071 2813 1291 2852 Herimnnni,
1318 2812 1418 2844 cuius
1435 2809 1558 2842 volun-

76 2872 187 2903 tatem
219 2879 344 2913 regere
378 2871 542 2911 poterant
577 2876 799 2910 quocumque
827 2865 1007 2902 volebant,
1033 2863 1187 2897 tolerare
1214 2871 1318 2906 quam
1344 2871 1383 2894 se
1410 2858 1559 2902 imperio

76 2919 249 2952 severiori
274 2918 426 2961 Egberti
460 2916 635 2950 subiicere
663 2915 871 2948 maluerunt.
972 2914 1009 2954 3)
1044 2913 1085 2946 C.
1112 2911 1170 2944 25.

1199 2964 1220 2997 8
