1878 3308
126 753 198 782 Mal.
212 754 242 787 2,
256 754 282 783 2.

115 2004 153 2032 cf.
166 2004 192 2032 2.
201 2004 282 2030 Tim.

153 2045 180 2078 2,
194 2045 219 2072 3.
231 2045 258 2071 4.

294 293 340 325 94
549 293 617 326 DE
645 293 857 327 UNITATE
884 293 1157 327 ECCLESIAE
1185 293 1552 330 CONSERVANDA.

405 405 474 447 26.
535 404 651 447 Ecce
690 419 769 460 pro
806 411 939 447 onunt
974 404 1100 447 nobis
1139 405 1378 449 adversarii
1413 421 1493 464 pro
1523 422 1626 451 suae
1655 409 1790 465 partis

294 460 629 514 confirmatione,
660 467 708 503 ut
728 420 961 504 dezeamus
991 462 1142 504 timere
1170 461 1295 518 ligari
1324 462 1394 505 vel
1412 465 1591 518 iniuste3
1622 464 1698 507 sed
1719 466 1793 521 qui

293 515 400 559 alios
431 516 599 571 docent,
629 523 764 559 semet
791 518 908 573 ipsos
938 532 1024 560 non
1054 517 1222 560 docent.
1271 517 1410 574 Igitur
1437 520 1655 563 convincit
1683 522 1794 563 veri-

293 579 372 626 tas,
412 573 574 615 iustitia
610 578 652 615 et
685 572 906 628 iudicium,
944 575 1046 630 quia
1073 575 1183 617 iuste
1213 574 1439 617 damnatus
1469 582 1533 619 est
1561 575 1632 618 ille
1663 576 1800 623 Hart-.

293 630 420 685 vigus
449 629 572 671 iuxta
601 630 798 671 meritum
829 644 967 672 suum.
1026 630 1152 672 Unde
1190 637 1233 673 et
1261 630 1472 674 Dominus
1510 632 1614 675 dicit
1648 633 1688 674 ei
1716 648 1795 690 per

294 684 552 727 Malachiam
571 685 825 741 prophetam
855 693 897 728 et
917 687 1082 741 ceteris,
1113 687 1187 743 qui
1209 687 1377 728 irritum
1405 687 1600 731 fecerunt
1618 695 1793 745 pactum

295 741 414 795 Levi,
451 747 627 797 paetum
661 741 827 784 scilicet
854 743 967 784 vitae
1007 750 1049 785 et
1077 743 1216 798 pacis:
1262 743 1542 797 Maledieam,
1583 744 1792 802 inquiens,

295 798 666 839 benedictionibus
715 799 866 840 vestris
911 806 948 840 et
990 799 1251 841 maledicam
1289 801 1364 853 eis,
1409 803 1618 856 quoniam
1660 801 1793 858 legem

294 868 433 895 meam
463 868 597 908 super
625 869 700 895 cor
729 869 814 896 non
839 856 1067 910 posuisti-9.
1125 856 1230 897 Post
1258 854 1353 897 illos
1383 862 1526 898 autem
1556 856 1664 909 dies,
1702 858 1794 914 qui-

295 909 376 951 bus
415 907 521 951 haec
562 923 672 965 quae
703 910 893 952 diximus
922 910 1036 953 facta
1066 917 1166 953 sunt
1193 911 1455 967 Moguntiae,
1496 911 1795 956 concelebrata

291 971 360 1011 est
397 965 526 1006 etiam
557 964 762 1008 Coloniae
833 981 879 1008 er
908 967 1093 1008 eundem
1122 967 1383 1022 Hartvigum
1422 967 1634 1012 ordinatio
1664 966 1795 1011 Adal-

295 1020 447 1064 heidae
478 1022 651 1076 reginae
663 1030 690 1064 ¹.
737 1022 792 1064 Se
854 1024 933 1064 etsi
953 1023 1244 1066 Herimannus
1266 1023 1534 1078 Coloniensis
1565 1026 1795 1082 episcopus

294 1092 372 1133 pro
403 1077 558 1119 affectu
587 1079 984 1134 consanguinitatis,
1025 1093 1110 1135 qua
1138 1081 1338 1135 proxime
1374 1080 1642 1137 attingebatss
1681 1096 1795 1136 eum,

295 1147 381 1175 non
410 1139 474 1175 est
499 1134 746 1176 recordatus
777 1135 1080 1189 damnationis,
1112 1150 1197 1192 qua
1218 1136 1418 1179 decessor
1447 1138 1540 1180 eius
1561 1137 1793 1193 Sigiwinus
1844 1188 1846 1190 ι

297 1187 573 1232 damnaverat
611 1205 723 1245 eum,
759 1196 903 1233 tamen
934 1191 1202 1234 Coloniensis
1240 1192 1434 1247 ecclesia,
1466 1208 1578 1250 quae
1606 1195 1653 1235 in
1680 1199 1794 1236 utra-

296 1259 380 1300 que
410 1244 683 1288 damnatione
713 1247 805 1289 eius
835 1253 1121 1302 consenserat,
1156 1250 1500 1291 communionem
1537 1251 1630 1292 eius
1658 1251 1795 1293 vitare

295 1300 517 1356 debuerat,
557 1303 760 1358 quoniam
798 1302 904 1345 nihil
941 1305 1131 1358 interest,
1170 1310 1314 1346 utrum
1353 1306 1392 1347 ei
1420 1304 1576 1362 aliquis
1607 1320 1796 1348 commu-

294 1359 421 1412 nicet,
453 1359 527 1414 qui
557 1359 767 1401 eiusmodi
798 1365 874 1412 est,
905 1360 997 1403 sive
1025 1360 1095 1402 ille
1130 1361 1334 1416 iungatur
1369 1363 1683 1416 communione,
1722 1362 1797 1419 qui

295 1413 490 1456 diversus
526 1429 612 1456 non
643 1421 708 1457 est
745 1415 800 1458 ab
840 1415 953 1458 illius
983 1416 1158 1459 heretici
1188 1418 1500 1460 communione.
1557 1428 1628 1471 Sic,
1655 1419 1797 1475 inquit

299 1469 500 1512 Gelasius
512 1477 541 1523 ²,
567 1481 616 1515 sic
627 1481 767 1524 passim
788 1481 907 1515 omnia
932 1481 1024 1516 licite
1039 1482 1126 1525 fieri
1152 1494 1175 1515 a
1191 1494 1398 1526 quocunque
1415 1483 1583 1518 videntur
1608 1489 1640 1518 et
1655 1484 1795 1518 nullum

297 1530 487 1563 discrimen
511 1541 643 1571 rerum,
668 1531 772 1564 nulla
797 1530 1013 1564 examinatio
1040 1531 1203 1565 ecclesiae
1218 1533 1438 1575 postulatur,
1465 1533 1527 1566 sed
1545 1532 1673 1576 ubiqtie
1698 1533 1795 1567 here-

298 1578 357 1611 tici
373 1575 682 1612 intromittunturb
702 1585 735 1612 et
750 1591 850 1613 nemo
869 1581 1027 1620 resultat,
1054 1581 1117 1614 sed
1142 1581 1236 1614 velut
1261 1586 1360 1614 muta
1378 1592 1514 1624 pecora
1538 1581 1578 1614 in
1600 1581 1795 1626 captionem

298 1633 407 1666 ducta
438 1633 587 1667 subditis
622 1634 860 1667 voluntatibus
887 1634 1078 1678 perfidiam
1104 1641 1294 1670 sectantur.
1344 1625 1438 1667 Iam
1468 1641 1570 1668 vero
1599 1632 1793 1682 apparet,

299 1685 503 1734 quantam
533 1679 770 1734 perniciem
791 1686 978 1734 generet,
1010 1680 1126 1735 quod
1157 1681 1267 1722 sacri
1293 1695 1477 1724 canones
1506 1681 1795 1738 negliguntur,

299 1733 414 1789 quod
452 1734 653 1790 imperiti,
697 1734 877 1790 indigni,
917 1736 1167 1790 symoniaci,
1207 1736 1412 1792 neophyti
1451 1737 1644 1780 ecclesiis
1672 1753 1794 1795 prae-

297 1790 512 1843 ficiuntur,
542 1789 701 1846 quales,
728 1804 823 1831 cum
854 1805 940 1832 non
969 1792 1136 1846 possint
1164 1792 1343 1834 scientia
1371 1799 1414 1835 et
1442 1793 1637 1836 doctrina
1665 1800 1795 1851 atque
1847 1802 1850 1805 ’

297 1844 392 1887 aliis
423 1846 622 1901 operibus
643 1846 768 1888 bonis
798 1847 1076 1901 innotescere,
1106 1856 1385 1903 praesumunt
1405 1849 1637 1892 sceleribus
1658 1856 1795 1893 osten-

298 1901 398 1943 dere
429 1916 523 1943 sese
552 1902 716 1959 aliquid
745 1917 838 1945 esse
866 1902 935 1945 vel
963 1917 1104 1959 posse,
1134 1910 1176 1946 et
1204 1904 1315 1946 inter
1340 1912 1483 1948 cetera
1511 1905 1721 1948 extollunt
1749 1921 1795 1949 se

299 1963 448 2000 contra
482 1959 645 2014 regiam
684 1965 951 2015 potestatem,
990 1959 1120 2001 immo
1163 1967 1311 2002 contra
1345 1961 1430 2003 Dei
1469 1962 1795 2016 ordinationem,

298 2019 340 2056 et
370 2014 445 2070 qui
474 2021 622 2070 utpote
652 2014 883 2057 militantes
914 2015 1010 2057 Deo
1040 2030 1126 2057 non
1156 2015 1394 2060 debuerant
1435 2033 1480 2060 se
1514 2017 1583 2061 vel
1610 2018 1795 2074 negotiis

300 2070 591 2113 saecularibus
635 2070 868 2127 implicare,
912 2078 1123 2128 usurpant
1166 2073 1248 2115 sibi
1284 2088 1464 2130 regnum
1510 2075 1708 2117 ordinare
1752 2081 1796 2117 et

297 2140 460 2180 regere,
491 2128 563 2183 qui
585 2127 826 2169 debuerant
845 2128 1120 2170 ecclesiarum
1149 2135 1336 2171 rectores
1357 2144 1449 2172 esse
1479 2137 1522 2172 et
1541 2145 1633 2173 sese
1654 2145 1796 2173 exem-

298 2182 419 2238 plum
448 2182 699 2225 humilitatis
731 2183 928 2226 omnibus
958 2190 1316 2240 praemonstrare.
1362 2185 1436 2228 Sic
1457 2187 1571 2228 enim
1591 2186 1796 2229 discrevit

299 2237 494 2280 Christus
510 2240 732 2295 utriusque
754 2241 976 2295 potestatis
993 2240 1147 2293 officia,
1168 2255 1317 2296 regum
1331 2241 1494 2285 scilicet
1513 2249 1641 2300 atque
1657 2243 1795 2299 ponti-

298 2294 441 2347 ficum,
464 2305 633 2348 quatinus
646 2305 662 2328 ⁸
680 2306 854 2348 spiritalis
870 2306 960 2339 actio
979 2318 1002 2338 a
1019 2307 1268 2348 temporalibus
1286 2307 1435 2342 distaret
1450 2308 1651 2342 inem-sibus
1669 2314 1700 2341 et
1716 2308 1795 2342 Deo

299 2354 456 2387 militans
469 2353 610 2387 minime
623 2365 659 2387 se
672 2353 818 2398 neyotiis
833 2354 1030 2397 implicaret
1043 2355 1298 2398 saecularibus,
1314 2367 1355 2389 ac
1367 2356 1521 2390 vicissim
1534 2369 1606 2390 non
1619 2357 1678 2390 ille
1689 2357 1796 2391 rebus

300 2403 432 2435 divinis
452 2402 663 2446 praesidere
693 2403 885 2444 videretur,
913 2403 974 2445 qui
999 2409 1084 2436 esset
1109 2403 1311 2446 implicatus
1336 2405 1486 2448 negotiis
1512 2405 1756 2439 saecularibus
1765 2409 1794 2440 ⁴.

299 2447 427 2489 Unde
452 2447 567 2489 idem
595 2448 669 2504 qui
693 2447 800 2489 haec
829 2448 1003 2503 scripsit
1029 2447 1230 2490 Gelasius
1257 2456 1569 2506 consequenter
1593 2450 1798 2492 discernit

301 2517 470 2558 quoque
491 2502 651 2544 iudicia
670 2504 877 2545 ecclesiae
898 2518 923 2544 a
942 2504 1073 2559 regiis
1095 2503 1459 2559 dispositionibus.
1497 2517 1587 2559 Quo,
1613 2507 1754 2563 inquit
1766 2514 1794 2560 ⁵,

299 2574 405 2604 more,
439 2574 507 2605 quo
541 2563 614 2595 ritu
650 2562 822 2605 aliquis
855 2564 1201 2597 damnatorumc
1220 2565 1471 2607 praetenditur
1498 2566 1690 2609 absolutus,
1718 2578 1796 2600 cum

299 2622 363 2644 nec
390 2623 413 2643 a
426 2611 652 2654 pontificibus
679 2611 828 2656 legitime
854 2617 886 2645 et
910 2611 1149 2646 ecclesiasticis
1174 2613 1306 2657 legibus
1317 2614 1436 2657 fuerit
1462 2615 1657 2658 eaepeditus,
1683 2627 1747 2649 nec
1773 2626 1797 2648 a

301 2726 332 2762 a)
354 2727 579 2760 actingebat13
602 2728 707 2756 emend.
726 2727 846 2755 Schard.
908 2727 939 2761 b)
962 2729 1248 2757 intromittantur-1.
1311 2732 1339 2765 e)
1363 2730 1593 2758 Alexandrinus
1603 2732 1712 2758 Petrus
1734 2731 1795 2757 Gel-

305 2834 340 2876 1)
363 2835 457 2869 Vide
483 2846 575 2878 quae
601 2846 635 2878 p.
655 2835 714 2867 93.
735 2825 785 2867 'de
812 2835 880 2868 hac
906 2847 944 2868 re
972 2837 1070 2869 dicta
1096 2840 1189 2871 sunt.
1269 2838 1305 2879 2)
1334 2837 1389 2871 of.
1415 2838 1518 2871 Thiel
1546 2850 1581 2882 p.
1600 2839 1684 2872 423.
1710 2838 1795 2872 424.
1830 2852 1833 2855 ⁴
1876 2840 1878 2842 ’

301 2883 341 2927 3)
370 2885 422 2918 Cf.
449 2888 551 2917 tract.
580 2883 716 2917 Gelasii
744 2895 800 2927 ap.
827 2885 930 2917 Thiel
956 2885 986 2925 Ι,
1019 2896 1052 2927 p.
1082 2885 1165 2919 568.
1266 2886 1305 2929 4)
1333 2887 1414 2919 Hoc
1439 2898 1510 2920 non
1536 2889 1613 2921 sine
1641 2887 1796 2931 quadam

303 2934 501 2967 acerbitate
529 2937 652 2967 contra
673 2934 923 2976 imperatorem
948 2934 1081 2967 dictum
1109 2938 1173 2968 est.
1268 2934 1307 2977 5)
1334 2935 1441 2969 Thiel
1465 2947 1501 2980 p.
1529 2936 1611 2970 569.
