1878 3308
296 288 365 322 ΒΕ
388 287 601 322 UNITATE
627 287 900 322 EOCLESIAE
927 286 1296 322 CONSERVANDA.
1473 287 1541 322 123

50 401 175 445 iuxta
200 413 414 444 canonum
443 399 620 443 decreta
647 414 735 442 non
762 399 891 443 liceat
918 398 1046 442 alicui
1073 398 1264 442 iudicare
1297 398 1351 441 de
1380 399 1540 443 iudicio

53 457 273 502 Romanas
319 455 550 511 ecclesiae,
596 455 657 499 illi
705 455 877 513 quidem
926 454 1226 512 blasphemant
1268 454 1541 511 Wigbertum

50 512 321 572 eundemque
350 511 614 556 Clementem
650 513 902 570 episcopum
930 511 1149 554 Romanae
1189 510 1405 566 ecclesiae,
1442 513 1543 553 scri-

52 570 217 625 bentes,
245 584 343 613 eum
371 569 510 612 furem
548 575 592 612 et
629 568 862 611 hereticum
899 574 1028 625 atque
1062 567 1313 610 mendacem
1343 582 1449 621 esse,
1479 568 1543 610 in-

0 638 7 686 g
51 625 315 680 simulantes,
347 640 460 680 eum,
499 625 614 683 quod
644 625 731 668 dici
758 624 878 666 nefas
908 632 985 677 est,
1016 623 1187 666 diabolo
1215 623 1287 666 vel
1315 624 1542 666 simulacro

0 708 3 726 e
50 681 158 726 idoli
185 681 368 726 similem
398 695 505 735 esse,
533 681 717 738 ideoque
740 679 968 722 anathema
996 680 1132 736 ipsius
1162 679 1245 722 sibi
1263 694 1350 722 non
1371 694 1541 734 nocere,

0 739 3 781 ξ
81 745 373 783 raesumentcs
401 738 531 781 etiam
553 752 699 794 regem
721 736 1000 788 Henrichum‚
1026 751 1154 793 quem
1176 735 1297 779 Deus
1320 737 1543 794 praecepit

0 795 4 833 ἱ
82 794 357 849 morificate,
388 793 534 837 multis
562 794 701 836 modis
729 792 925 836 similiter
952 791 1264 848 blasphemare.
1304 818 1355 825 —
1396 793 1539 837 Cona-

50 857 125 894 tm·
155 852 299 907 stiam,
333 851 544 908 inquiunt,
583 856 743 904 statua,
782 865 914 907 quam
948 851 1083 891 erexit
1120 849 1677 903 Nabuchodonosor,mn‚s.

50 921 96 950 sc
132 922 224 952 non
261 907 499 951 adorantes
534 905 768 949 catholicos
798 911 994 948 astruere
1022 906 1306 948 scismaticos.
1363 906 1421 947 At
1449 921 1541 959 nos,

0 982 6 1022 ζ,
49 965 185 1013 aiunt.
199 963 388 1019 saverne
411 963 637 1006 clementia
657 963 757 1015 Dei,
787 963 1026 1004 certissima
1054 963 1227 1005 ratione
1251 962 1542 1018 probabimus

2 1055 3 1058 ,
49 1019 131 1064 hoc
158 1034 306 1064 errore
333 1034 423 1063 non
450 1021 603 1073 teneri,
633 1019 707 1062 sed
736 1033 806 1060 eos
828 1019 995 1074 potius,
1026 1019 1104 1074 qui
1131 1018 1322 1073 eaeemplo
1354 1018 1540 1060 Dathan
1554 1035 1644 1062 num.
1659 1036 1705 1062 16.

50 1082 91 1119 et
107 1076 277 1120 Abiu-on
303 1077 642 1120 insurrexerunt
668 1076 718 1118 in
739 1074 1015 1131 Gregorium,
1045 1076 1157 1117 sicut
1175 1074 1243 1117 illi
1263 1076 1311 1116 in
1331 1089 1542 1116 summum

49 1133 312 1176 sacerdotem
329 1132 500 1186 Aaron,
520 1133 598 1188 qui
615 1132 912 1174 convenientes
931 1132 981 1173 in
1002 1146 1139 1172 unum
1160 1130 1373 1173 adversus
1392 1130 1542 1172 Domi-

50 1203 158 1232 num
184 1195 225 1231 st
243 1188 457 1232 adversus
475 1188 686 1231 christum
713 1188 807 1229 eius
835 1187 1108 1243 sedentesque
1137 1187 1187 1228 in
1208 1187 1391 1229 concilio
1412 1187 1540 1228 vani-

50 1245 156 1288 tatis
186 1243 414 1302 Greqorio,
455 1245 530 1287 cui
558 1244 675 1286 orbis
703 1250 922 1286 terrarum
959 1243 1304 1296 communicavit,
1345 1242 1541 1285 obedien-

49 1301 161 1344 tiam
188 1302 499 1344 contumaciter
524 1301 889 1343 renuntiaverunt
918 1305 957 1340 et
985 1314 1028 1341 se
1058 1299 1111 1340 ab
1141 1300 1311 1340 unitate
1340 1300 1541 1355 corporis

55 1355 234 1411 Christi,
272 1357 390 1413 quod
425 1363 486 1398 est
523 1357 701 1399 ecclesia
724 1370 810 1411 per
839 1355 980 1397 orbem
1016 1361 1234 1397 terrarum
1268 1353 1447 1411 diffusa,
1477 1369 1541 1396 se·

48 1419 283 1470 parantes,
319 1413 388 1456 Wi
419 1412 595 1466 bertum,
626 1427 654 1454 a
683 1412 784 1454 sede
813 1410 1052 1467 apostolica
1088 1411 1137 1452 in
1167 1410 1348 1468 synodis
1377 1411 1542 1453 Romae

52 1469 275 1525 septennio
300 1468 363 1512 cel
411 1470 522 1511 ratis
551 1469 978 1520 excommunicatum,
1007 1467 1092 1509 sibi
1114 1482 1285 1523 papam
1310 1466 1542 1523 eleqerunt,

54 1526 186 1582 quasi
212 1525 400 1568 dicentes
428 1525 645 1568 Domino:
684 1523 861 1566 ‘Recede
892 1539 919 1565 a
948 1523 1083 1577 nobis,
1112 1524 1339 1565 scientiam
1367 1524 1542 1565 viarum

51 1588 233 1624 tuarum
259 1581 488 1624 nolumus'.

164 1637 235 1680 40.
292 1635 405 1680 Cum
433 1651 512 1694 per
541 1635 812 1679 Solomonem
842 1634 1042 1691 loquatur
1080 1634 1290 1691 sapientia
1322 1633 1431 1676 Dei:
1472 1634 1542 1676 Ne
1554 1649 1638 1676 1:001.
1653 1649 1755 1683 10,2o.

53 1694 105 1736 in
132 1695 395 1751 cogitatione
434 1693 609 1751 quidem
646 1692 855 1734 detrahas
890 1692 1000 1747 reyi,
1039 1692 1145 1747 quia
1182 1705 1273 1747 eqo,
1311 1690 1464 1747 inquit,
1494 1705 1676 1741 08ib.8,2.

0 1755 8 1780 ³
52 1750 172 1807 reqis
195 1749 368 1793 observo
397 1756 436 1792 et
496 1754 699 1804 raecepta
728 1749 966 1791 iuramenti
984 1747 1085 1800 Dei,
1116 1753 1154 1788 et
1172 1748 1292 1798 scito,
1323 1748 1431 1804 quia
1452 1761 1541 1802 pro
1554 1765 1695 1798 mua.

54 1805 126 1849 bis
155 1805 343 1849 adducet
379 1812 418 1849 te
493 1821 569 1848 eus
606 1807 655 1847 in
689 1804 918 1846 iudicium.
977 1803 1086 1846 Cum
1117 1802 1237 1856 haec,
1266 1803 1454 1859 inquam,
1482 1803 1543 1844 ita

0 1872 10 1891 f
51 1862 152 1916 sint,
178 1861 606 1905 animadvertendum
635 1866 712 1915 est,
753 1859 967 1916 quomodo
997 1859 1205 1901 adversus
1235 1858 1471 1900 Dominum
1501 1865 1544 1900 et

7 1947 10 1950 >
52 1916 262 1961 adversus
291 1917 497 1960 christum
532 1917 624 1960 eius
661 1916 952 1968 convenerint,
989 1916 1063 1972 qui
1093 1914 1349 1957 ordinationi
1378 1914 1477 1966 Dei,
1516 1928 1543 1955 a

13 2022 15 2027 ¹
83 1987 140 2016 uo
158 1979 349 2031 potestas
368 1979 444 2026 est,
473 1973 688 2026 resistunt,
715 1973 789 2029 qui
809 1972 938 2014 etiam
958 1970 1163 2013 christum
1185 1970 1375 2023 Domini,
1396 1984 1541 2025 regem

52 1989 324 2073 {enrichum
361 2028 539 2083 scilicet,
569 2027 927 2084 blasphemantes,
956 2041 1112 2069 nomen
1151 2026 1188 2068 ei
1226 2031 1354 2082 atque
1392 2026 1542 2081 impie·

53 2092 186 2130 tatem
204 2083 601 2128 Nabuchodonosor
627 2085 867 2140 imponunt,
897 2097 995 2125 cum
1018 2081 1132 2124 idem
1154 2096 1231 2124 rex
1259 2088 1388 2138 atque
1408 2081 1541 2137 impe-

53 2148 173 2186 rator
199 2141 336 2185 videri
364 2155 410 2184 se
438 2140 542 2184 velit
569 2147 699 2206 atque
727 2138 934 2205 appellari
964 2137 1236 2190 catholicum,
1266 2143 1413 2194 utpote
1443 2151 1542 2179 con-

54 2199 307 2243 sentientem
329 2196 528 2240 omnibus
548 2197 688 2249 bonis,
748 2211 792 2237 u1
822 2202 920 2237 sunt
949 2193 1116 2236 solliciti
1146 2208 1316 2236 servare
1335 2195 1542 2235 unitatem

55 2255 102 2298 in
119 2253 291 2298 vinculo
319 2255 453 2311 pacis.
499 2252 586 2297 Sed
604 2252 710 2295 dicit
775 2251 942 2293 ominus
971 2265 1048 2307 per
1067 2250 1331 2292 Hieremiam
1361 2248 1540 2306 prophe·

0 2305 22 2356 ἢ
56 2317 164 2355 nm:
192 2311 306 2369 qu,
335 2311 543 2367 inquiens,
573 2309 676 2351 dedi
697 2323 839 2350 omnes
858 2314 998 2349 terras
1027 2308 1135 2348 istas
1163 2307 1209 2348 in
1230 2320 1366 2348 manu
1387 2305 1540 2347 Nabu-
1554 2329 1653 2357 102„
1667 2329 1755 2358 8-8,

0 2358 20 2440 ξ
56 2367 328 2412 chodonosor
363 2368 483 2424 reqis
517 2364 760 2422 Babylonis
795 2364 910 2406 servi
947 2363 1044 2416 mei,
1082 2364 1267 2428 insuper
1308 2368 1346 2403 et
1385 2361 1542 2403 bestias
1657 2348 1665 2364 ’

0 2439 23 2492 5
57 2425 163 2482 aqri
197 2423 301 2467 dedi
338 2424 392 2477 ei,
431 2428 479 2465 ut
516 2423 709 2464 serviant
745 2419 828 2473 illi,
866 2425 905 2462 et
941 2420 1126 2460 servient
1154 2433 1193 2460 et
1224 2432 1368 2459 omnes
1395 2423 1542 2474 yentes

9 2500 22 2515 ν
57 2486 98 2524 d
113 2479 215 2536 filio
250 2480 344 2523 eius
383 2485 421 2522 et
446 2478 546 2531 filio
564 2477 658 2533 filii
685 2478 806 2530 eius;
845 2490 952 2532 qens
981 2480 1122 2516 autem
1150 2480 1189 2515 et
1216 2488 1399 2529 reqnum
1430 2473 1543 2530 quod

3 2514 23 2567 l
57 2550 149 2580 non
178 2537 377 2579 servierit
405 2534 812 2577 Nabuchodonosor
839 2546 885 2574 re
919 2532 935 2572 i
959 2530 1199 2587 Babylonis
1229 2536 1267 2571 et
1296 2530 1543 2586 quicunque

0 2583 26 2655 ξ
59 2606 148 2636 nou
174 2592 473 2635 incurvaverit
501 2589 655 2633 collum
684 2604 811 2631 suum
842 2603 891 2629 su
950 2588 1053 2643 iuqo
1083 2587 1215 2643 reqis,
1246 2586 1294 2628 in
1353 2585 1474 2627 ladio
1504 2591 1543 2628 et

7 2661 33 2720 ἔ·
47 2647 176 2705 fame
214 2653 254 2690 et
287 2654 405 2704 peste
441 2646 625 2689 visitabo
662 2660 798 2700 super
833 2650 997 2701 yentem
1034 2641 1170 2695 illam,
1207 2643 1270 2683 ait
1357 2642 1542 2693 ominus,

11 2725 22 2738 ᾖ
59 2704 194 2748 donec
235 2718 485 2747 consumam
524 2717 594 2745 eos
636 2703 685 2743 in
721 2715 858 2742 manu
894 2701 1001 2742 eius.
1069 2698 1126 2740 Et
1162 2699 1260 2740 vivo
1299 2713 1391 2754 eqo,
1435 2697 1543 2739 dicit

10 2755 25 2793 ‘'²-
61 2759 292 2814 Dominus,
321 2760 530 2816 quoniam
557 2759 862 2809 iuramentum,
892 2753 1006 2811 quod
1037 2752 1213 2796 dederat
1239 2753 1278 2795 ei
1308 2768 1384 2796 rex
1414 2751 1542 2795 Sede·
1555 2742 1667 2809 {ff}

62 2814 182 2859 chiae
210 2822 253 2859 et
280 2815 455 2872 sprevit,
479 2828 646 2871 ponam
675 2813 724 2855 in
745 2818 879 2867 caput
908 2813 1002 2854 eius
1031 2815 1069 2851 et
1096 2810 1305 2852 morietur
1333 2810 1381 2851 in
1407 2822 1541 2865 prae·
1595 2800 1603 2815 '

62 2873 347 2924 varicatione,
386 2885 474 2926 qua
518 2869 714 2924 despeaeit
755 2883 829 2911 me.
890 2865 1059 2908 Deinde
1102 2866 1306 2922 sequitur,
1351 2870 1393 2907 et
1440 2863 1545 2906 dicit

18 2927 23 2987 J
64 2926 278 2971 Dominus
312 2926 366 2970 de
397 2925 514 2969 falsis
543 2922 812 2967 doctoribus:
843 2922 986 2966 Nolite
1015 2922 1173 2964 audire
1201 2920 1329 2964 verba
1353 2920 1543 2977 propbe-
