1878 3308
337 296 405 329 DE
430 294 643 329 UNITATE
670 294 945 328 ECCLESIAE
977 294 1346 329 CONSERVANDA.
1546 294 1591 327 43

92 421 218 463 ecce,
253 408 452 465 inquam,
492 420 587 448 cum
626 406 733 449 tales
770 408 855 448 sint
893 406 1087 462 episcopi
1116 404 1401 448 Hildebrandi
1440 420 1592 462 papae,

93 462 297 508 scribitur
324 464 370 506 in
397 477 476 505 sua
499 477 761 520 suorumque
780 469 903 528 parte
934 469 1085 504 sancta
1111 468 1248 504 mater
1276 461 1457 504 ecclesia
1486 476 1593 515 esse,

93 535 194 564 cum
232 519 456 573 catholica,
496 519 578 561 hoc
616 525 681 561 est
718 517 972 561 universalis
1012 517 1193 559 ecclesia
1231 532 1317 560 non
1353 519 1409 560 sit
1444 518 1490 559 in
1518 517 1592 559 ali-

93 591 278 635 quarum
315 576 503 632 partium
543 577 757 629 scismate,
796 574 873 617 sed
906 575 951 616 in
989 574 1266 616 universitate
1294 573 1485 617 fidelium
1515 589 1593 630 per

93 633 293 691 spiritum
328 633 450 689 pacis
489 638 533 674 et
560 632 747 674 caritatis
778 631 834 674 ad
861 631 1047 672 invicem
1078 630 1446 672 concordantium.
1504 630 1592 672 De-

94 687 347 732 scribuntur
373 689 502 731 etiam
529 702 622 730 csse
651 686 729 730 filii
756 687 856 741 Dei,
888 701 986 728 cum
1017 685 1261 742 specialiter
1289 688 1333 728 in
1363 686 1590 743 euangelio

93 745 294 789 dicantur
331 743 407 786 filii
436 744 522 787 Dei
560 745 635 801 qui
671 749 769 785 sunt
809 742 994 800 pacifici.
1064 743 1381 786 Describuntur
1418 757 1592 800 quoque
1607 760 1796 791 Maenas.

91 800 307 859 spiritales
343 815 452 854 esse,
490 800 606 858 quod
635 806 700 842 est
734 800 806 856 agi
841 799 996 856 spiritu
1027 799 1125 853 Dei,
1155 799 1356 856 idemque
1385 801 1431 841 in
1462 798 1591 841 caelis

93 857 352 911 conversari,
390 871 487 900 cum
525 855 723 922 profecto
760 855 904 906 caelis,
942 856 1017 912 qui
1054 861 1254 897 enarrant
1282 854 1463 911 gloriam
1492 855 1761 908 Dei,1>s.1s,2.

93 913 211 958 dicat
253 915 299 956 in
341 911 565 969 euangelio
603 912 832 954 Dominus:
886 912 980 965 Vos,
1017 911 1230 968 inquiens,
1268 928 1363 954 cum
1389 912 1592 968 feceritis

97 971 246 1013 omnia
289 985 401 1027 qnae
438 975 681 1026 praecepta
722 975 823 1010 sunt
862 968 996 1022 vobis,
1040 968 1196 1010 dieite:
1236 968 1379 1011 ‘Servi
1413 967 1590 1010 inutiles
1602 985 1798 1020 Lue.1·1‚10.

94 1041 259 1079 sumus,
293 1026 410 1083 quod
447 1025 673 1068 debuimus
694 1025 853 1081 facere
878 1024 1100 1080 fecimus'.
1159 1023 1246 1067 Sed
1283 1030 1331 1066 ut
1371 1023 1592 1080 decipiant

92 1082 289 1125 incautos
330 1081 513 1124 ministri
554 1089 742 1134 satanae,
785 1081 860 1138 qui
898 1080 1177 1136 transfigurat
1222 1095 1268 1122 se
1302 1080 1349 1122 in
1391 1080 1591 1136 angelum

91 1137 212 1191 lucis,
240 1137 598 1195 transfigurantur
617 1143 661 1180 et
678 1137 778 1194 ipsi,
805 1138 915 1179 sicut
933 1136 1155 1193 apostolus
1174 1137 1248 1190 ait,
1269 1137 1387 1179 velut
1406 1137 1592 1178 ministri
1605 1121 1781 1188 ²’1fff'rifff'

90 1194 293 1247 iustitiae,
330 1195 375 1236 iu
412 1192 570 1251 quibus
600 1194 706 1259 ipse,
747 1194 823 1250 qui
851 1193 1009 1235 dicitur
1037 1207 1116 1235 rex
1145 1208 1276 1250 super
1305 1207 1452 1235 omnes
1480 1191 1591 1234 filios

92 1249 334 1307 superbiae,
378 1256 580 1307 operatur
621 1265 708 1292 lam
754 1249 1003 1305 mysterium
1044 1248 1157 1291 illius
1200 1249 1490 1305 arrogantiae:
1535 1249 1590 1290 In
1623 1237 1798 1303 ¹³⁸·1¹4f’¹³·

94 1306 277 1360 caelum,
319 1306 534 1363 inquiens,
577 1306 880 1359 conscendam,
923 1321 1064 1361 supra
1105 1313 1226 1347 astra
1263 1306 1351 1346 Dei
1390 1305 1591 1347 exaltabo

93 1361 253 1406 solium
280 1377 435 1416 meum,
464 1363 612 1405 sedebo
642 1365 692 1405 in
711 1368 851 1404 monte
868 1364 1123 1414 testamenti,
1153 1363 1203 1403 in
1232 1361 1442 1404 lateribus
1463 1363 1590 1417 aqui-

95 1418 227 1472 lonis,
261 1417 377 1461 unde
410 1418 650 1474 refrigescit
686 1420 841 1460 caritas
869 1416 1114 1470 multorum,
1148 1418 1299 1460 sedebo
1329 1432 1464 1473 snper
1495 1416 1592 1458 alti·
1606 1406 1777 1479 '’fifffffh·

95 1474 291 1517 tudinem
328 1474 510 1517 nubium
549 1475 810 1526 caelestium,
849 1473 1025 1524 scilicet¹
1047 1472 1409 1530 praedicatorum,
1439 1479 1477 1514 et
1506 1488 1592 1527 ero,

84 1530 248 1588 inquit,
267 1529 424 1574 similis
443 1530 681 1573 Altissimo.
719 1529 859 1583 Unde,
879 1530 1054 1586 inquam
1065 1536 1096 1582 ¹,
1116 1529 1291 1586 quidam
1310 1529 1483 1571 nomine
1503 1535 1595 1571 tan-

93 1592 187 1629 tum
216 1586 474 1629 christianae
504 1586 782 1643 professionis
812 1584 998 1639 inflatus,
1027 1600 1127 1628 vere
1146 1593 1292 1628 autem
1313 1599 1464 1627 carens
1485 1584 1593 1627 chri-

93 1642 259 1686 stianae
296 1641 515 1699 religionis
550 1642 788 1696 fructibus,
828 1656 927 1684 cum
967 1642 1206 1698 oportuerit
1241 1656 1340 1683 eum
1376 1640 1594 1683 humiliter

95 1713 143 1742 se
161 1713 303 1756 agere,
331 1700 578 1756 arrogantia
596 1698 745 1753 elatus,
772 1699 1006 1755 assumpsit
1035 1697 1117 1740 sibi
1146 1697 1311 1763 aliquid
1329 1698 1594 1740 auctoritatis

92 1753 358 1812 apostolicae
396 1762 439 1798 et
475 1754 625 1798 scribit
660 1754 718 1797 ad
748 1769 896 1797 omnes
926 1753 1132 1796 ecclesias
1163 1753 1400 1810 epistolam,
1431 1755 1476 1795 in
1506 1768 1593 1811 qua

95 1809 252 1854 docere
280 1817 462 1855 conatur
495 1825 570 1854 eos
606 1811 680 1868 qui
709 1810 842 1853 multo
871 1811 1031 1853 rectius
1065 1825 1194 1867 quam
1224 1811 1316 1867 ipse
1346 1809 1592 1864 credebant,

94 1873 140 1910 et
166 1866 414 1911 cohortatur
442 1881 604 1921 omnes,
642 1866 699 1909 ad
727 1881 863 1909 novas
890 1867 1206 1910 institutionum
1248 1871 1387 1908 sectas
1423 1880 1591 1908 accom-

97 1921 275 1966 modare
302 1938 449 1966 aurem
479 1938 627 1966 suam:
659 1924 792 1977 Huic,
821 1924 976 1979 inquit,
1004 1923 1172 1965 nullam
1193 1921 1402 1977 epistolae
1422 1922 1589 1964 saluta-

96 1980 256 2023 tionem
294 1978 415 2022 volui
447 1980 710 2046 praefiqere,
749 1980 799 2021 in
838 1994 926 2035 qua
960 1979 1094 2030 illius,
1125 1980 1201 2020 cui
1229 1993 1306 2020 nec
1336 1993 1415 2020 ave
1444 1978 1591 2019 dicen-

97 2036 203 2078 dum
231 2041 294 2078 est
305 2043 335 2089 ¹,
374 2038 553 2091 scriptis
581 2034 861 2090 respondebo.
929 2034 1018 2082 Qui
1056 2034 1180 2075 habet
1219 2048 1351 2075 aures
1382 2033 1594 2075 audiendi

98 2091 272 2134 audiat.
328 2090 387 2133 Et
424 2096 525 2146 post
560 2089 718 2147 aliqua,
755 2090 911 2147 quibus
938 2089 1074 2131 furem
1105 2103 1198 2131 esse
1227 2095 1354 2145 atque
1383 2088 1593 2131 latronem

96 2145 317 2200 describit,
342 2146 417 2204 qui
435 2145 679 2189 ascenderit
697 2145 869 2188 aliunde
889 2145 1125 2188 secundum
1146 2144 1396 2201 euangelica
1414 2144 1592 2187 Domini
1606 2159 1672 2188 ιοιι.
1686 2161 1733 2195 ιο,
1746 2161 1773 2187 1.

95 2202 237 2257 dicta,
296 2202 452 2247 Caveto
489 2203 643 2269 igitur,
686 2202 840 2259 inquit,
883 2208 931 2243 tu
969 2203 1222 2254 christiane,
1262 2216 1316 2243 ne
1363 2201 1592 2257 Wiqberdo

95 2259 226 2302 corde
263 2258 328 2302 vel
367 2273 439 2301 ore
478 2258 646 2301 disseris
684 2274 879 2314 unqu-am
918 2273 1009 2299 ave.
1069 2256 1196 2309 Ecce,
1227 2257 1482 2312 magnificus
1521 2256 1592 2299 ille

94 2313 292 2358 laudator
320 2313 604 2357 Hildebrandi
634 2328 775 2371 papae
805 2312 1013 2370 probatur
1041 2313 1275 2355 instituisse
1301 2312 1463 2354 scolam
1494 2327 1593 2355 con·

94 2371 309 2423 tentionis,
339 2371 414 2427 qui
442 2369 578 2413 noluit
607 2385 700 2413 esse
720 2370 995 2412 annuntiator
1015 2368 1176 2422 salutis,
1196 2368 1389 2410 indicans
1413 2369 1456 2410 in
1478 2369 1592 2425 prin-

96 2427 211 2484 cipio
240 2427 448 2484 epistolae
485 2441 601 2477 suae,
641 2426 953 2478 salutationem,
984 2440 1094 2482 quae
1124 2440 1150 2467 a
1179 2423 1313 2467 salute
1342 2425 1514 2478 dicitur,
1545 2439 1591 2468 se

95 2481 208 2526 nolle
245 2482 372 2526 nobis
407 2483 722 2539 praescribere,
762 2496 859 2525 cum
901 2482 1137 2539 praecipiat
1173 2480 1331 2523 Paulus
1370 2480 1590 2537 apostolus

94 2538 248 2582 fratres
287 2538 472 2582 salutare
508 2553 554 2581 se
590 2539 773 2581 invicem
804 2539 848 2580 in
878 2537 1024 2580 osculo
1054 2543 1220 2590 sanet03
1259 2538 1371 2594 quod
1399 2540 1589 2594 siynum,

97 2595 249 2653 inquit,
279 2595 561 2637 salutationis
590 2597 637 2637 in
659 2596 778 2637 omni
797 2594 982 2652 epistola
1012 2595 1075 2635 ita
1106 2594 1261 2635 scribo.
1312 2594 1432 2636 Unde
1454 2609 1504 2636 ro
1538 2609 1585 2635 a·

96 2665 206 2705 mus,
244 2651 397 2708 inquit,
438 2666 510 2693 vos
526 2651 702 2707 fratres
723 2667 811 2707 per
846 2652 1077 2693 adventum
1117 2650 1286 2692 domini
1318 2652 1460 2692 nostri
1512 2665 1586 2693 esu
1602 2648 1746 2714 ²·T1h02'⁸·
1762 2650 1787 2679 ²¹

100 2706 265 2750 Christi
305 2713 343 2748 et
387 2713 560 2749 nostrae
604 2709 958 2764 conyreqationis
1002 2707 1050 2747 in
1096 2706 1253 2760 ipsum,
1291 2712 1338 2747 ut
1377 2721 1465 2748 non
1503 2707 1586 2748 cito
1721 2708 1727 2714 '

97 2763 361 2805 moveamini
390 2777 418 2803 a
448 2769 583 2805 vestro
615 2778 758 2817 sensu,
789 2778 924 2820 neque
954 2762 1210 2804 terreamini
1238 2776 1372 2818 neque
1394 2778 1476 2817 per
1495 2765 1588 2817 spi-

1604 2534 1632 2560 2.
1645 2533 1753 2560 Thess.

1634 2573 1660 2605 8,
1672 2573 1720 2600 1¹1.

100 2851 131 2885 a)
155 2852 257 2884 lnquit
279 2853 305 2878 1.

100 2914 154 2996 1v)1
168 2915 330 2996 D3096n0n
366 2915 519 2949 dicendo
554 2927 620 2951 avo
648 2917 899 2962 peccatoribus
935 2918 980 2952 cs.
1006 2917 1093 2958 Mai,
1130 2916 1363 2961 Spicilegium
1392 2919 1590 2951 Romanum

158 2988 167 3004 ,
270 2988 278 2997 .
