1878 3308
149 1055 201 1081 Pa.
214 1054 280 1086 1³2,
293 1055 320 1081 1.

147 1332 216 1360 Act.
226 1335 323 1365 apost.

201 1373 229 1406 4,
242 1371 289 1399 82.

126 1749 253 1783 Max-eft,
262 1750 287 1775 7.
298 1748 325 1774 8.

125 1905 187 1933 Ier.
200 1905 247 1939 50,
259 1904 287 1931 6.
301 1905 328 1930 7.

132 2300 243 2326 Thi-en.
254 2300 279 2331 2,
285 2299 329 2325 14.

145 2468 171 2493 1.
186 2467 253 2493 Ioh.
268 2467 293 2500 1,
306 2466 333 2492 8.

331 289 400 322 130
583 290 650 322 DE
680 287 891 322 UNITATE
919 287 1191 321 ECCLESIAE
1218 286 1585 322 CONSERVANDA.

331 402 608 444 constitutum
648 415 741 443 esse
775 400 945 443 videtur
981 400 1028 441 in
1057 399 1240 442 decretis
1271 398 1421 456 Syritii
1456 411 1594 456 papae
1610 406 1637 441 ¹.
1694 409 1824 443 Mona·

331 468 422 510 ehoe,
458 458 611 515 inquit,
644 478 729 510 quos
765 470 880 500 tamen
914 477 1049 500 morum
1081 465 1242 511 gravitas
1277 470 1309 499 et
1341 463 1435 498 vitae
1470 475 1512 498 ac
1528 464 1620 509 fidei
1649 463 1823 498 institutio

330 522 455 551 sancta
480 517 710 557 commendat,
743 516 948 549 clericorum
975 514 1100 559 officiis
1134 514 1324 560 ayqreqari
1348 519 1380 548 et
1405 518 1567 557 optamus
1593 517 1625 548 et
1647 514 1823 556 volumus,

329 565 383 600 ita
421 571 470 608 ut,
510 565 572 611 qui
603 566 700 599 intra
734 563 948 609 trigesimum
984 564 1110 598 aetatis
1145 575 1279 597 annum
1308 565 1429 604 sunta,
1461 561 1501 595 in
1532 561 1725 596 minoribus
1754 573 1824 605 per

327 616 465 661 yradus
507 615 665 661 sinquloe
709 619 878 647 crescente
920 619 1071 656 tempore
1107 613 1354 656 provehantur
1395 611 1579 645 ordinibus
1617 617 1650 646 et
1687 611 1737 646 sic
1775 611 1825 645 ad

331 664 543 698 diaconatus
577 664 634 698 vel
651 663 865 707 presbyterii
895 662 1054 707 insignia
1089 668 1253 696 maturae
1287 659 1412 695 aetatis
1449 658 1708 695 consecratione
1738 671 1825 703 per-

331 714 488 756 veniant,
521 724 584 747 nec
618 712 737 746 statim
775 713 870 746 saltu
902 712 1107 753 ascendant,
1139 710 1210 745 nisi
1242 709 1281 744 in
1312 710 1367 744 his
1399 719 1492 753 quae
1527 708 1675 753 einyulie
1709 707 1823 754 diyni-

332 769 462 804 tatibus
493 769 662 812 praefixa
700 770 782 800 sunt
821 771 977 810 tempora
1007 766 1152 810 fuerint
1189 765 1374 800 custodita.
1432 753 1491 796 At
1529 768 1644 796 nuno
1681 767 1823 796 omma

331 821 448 857 recta
494 818 797 869 pervertuntur
852 819 894 855 et
941 812 1140 853 monachi
1188 824 1358 868 quoque
1407 810 1609 853 terminos
1655 817 1826 867 patrum

332 868 704 925 transgrediuntur
746 875 788 910 et
830 867 994 925 absque
1037 866 1211 910 licentia
1253 867 1418 923 proprii
1454 866 1648 923 episcopi
1686 866 1826 923 ingre-

334 927 521 980 diuntur,
551 926 683 967 immo
712 923 923 966 invadunt
951 923 1198 981 parrochias
1235 924 1406 966 alterius
1437 923 1642 979 episcopi,
1679 921 1826 980 quales

335 983 533 1025 dicuntur
569 979 932 1023 circumcelliones
970 981 1091 1022 iuxta
1129 981 1382 1022 sententiam
1410 978 1526 1021 beati
1554 978 1826 1035 Augustini2,

335 1039 411 1082 ubi
450 1037 629 1094 exponit
664 1036 798 1080 verba
833 1036 1050 1079 Psalterii:
1095 1037 1205 1078 Ecce
1252 1052 1384 1093 quam
1424 1036 1581 1078 bonum
1617 1042 1656 1077 et
1694 1050 1825 1092 quam

334 1095 578 1138 iucundum
608 1092 806 1135 habitare
821 1093 998 1149 fratres
1036 1094 1085 1135 in
1117 1108 1266 1146 unum,
1307 1106 1435 1148 quem
1465 1091 1630 1134 scilicet
1659 1090 1827 1133 dulcem

337 1165 488 1194 sonum
519 1157 561 1193 et
590 1147 757 1192 dulcem
789 1151 1011 1192 caritatem
1042 1155 1084 1191 et
1102 1148 1271 1191 dulcem
1291 1147 1520 1190 melodiam
1550 1147 1665 1190 dicit
1682 1162 1826 1190 mona-

337 1208 464 1250 steria
502 1206 744 1263 peperisse,
785 1212 826 1249 et
864 1205 963 1248 inde
999 1205 1231 1247 monachos
1277 1203 1513 1261 appellatos
1550 1203 1694 1247 fuisse.
1755 1213 1829 1255 Qui

338 1274 439 1315 enim,
475 1263 656 1319 inquitss,
695 1272 746 1306 sic
779 1272 902 1306 vivunt
939 1272 977 1305 in
1015 1282 1136 1313 unum,
1171 1267 1238 1304 utb
1278 1282 1389 1304 unum
1419 1270 1592 1305 hominem
1613 1269 1762 1313 faciant
1797 1274 1828 1302 et

338 1323 383 1357 sit
417 1322 482 1356 inc
517 1322 600 1364 illis,
633 1321 805 1365 quomodo
841 1321 1010 1365 scriptum
1045 1325 1104 1362 est,
1141 1319 1263 1354 anima
1295 1331 1371 1353 una
1405 1324 1436 1354 et
1470 1331 1529 1353 cor
1562 1329 1685 1360 unum,
1714 1318 1829 1351 multa

338 1372 479 1416 quidem
518 1383 676 1415 corpora,
721 1370 783 1404 sed
819 1382 890 1403 non
928 1370 1040 1403 multa
1079 1369 1198 1411 corda,
1237 1374 1326 1403 recte
1365 1367 1494 1402 dieitur
1530 1378 1664 1410 monos,
1700 1365 1741 1401 id
1779 1370 1829 1400 est

337 1438 443 1469 unus,
479 1427 585 1468 solus,
624 1414 741 1473 quod
779 1415 1080 1472 interpretatur
1117 1413 1366 1457 monachus.
1429 1413 1484 1456 Et
1521 1413 1636 1455 idem
1679 1411 1828 1468 Augu-

337 1472 501 1514 stinus⁴
542 1473 588 1513 in
629 1478 813 1514 tractatu
852 1470 1065 1527 euangelii
1107 1471 1160 1513 de
1197 1471 1292 1513 fure
1335 1477 1378 1513 et
1417 1469 1594 1523 latrone,
1631 1468 1706 1526 qui
1742 1482 1830 1510 non

336 1529 465 1571 intrat
507 1543 585 1584 per
630 1529 786 1571 ostium
828 1528 874 1570 in
920 1527 1030 1570 ovile
1073 1528 1238 1581 ovium,
1284 1526 1360 1569 sed
1403 1525 1594 1568 ascendit
1638 1524 1830 1567 aliunde:

339 1593 447 1636 Sunt,
492 1585 647 1640 inquit,
681 1595 826 1638 quidam
868 1594 1040 1634 homines,
1081 1594 1142 1636 qui
1178 1593 1217 1626 in
1256 1593 1331 1626 suis
1371 1594 1574 1638 ylariantwr
1609 1591 1764 1625 moribus
1798 1595 1830 1624 et

340 1643 428 1677 alios
459 1649 542 1687 post
574 1656 610 1678 se
647 1643 786 1677 trahere
819 1648 1006 1687 quaerunt,
1040 1654 1111 1675 non
1144 1642 1188 1675 dc
1220 1641 1349 1675 C‘lzristi
1380 1640 1583 1686 praeceptio
1618 1639 1830 1674 instruentes

339 1703 422 1726 suos
463 1699 659 1734 sectatores,
701 1693 764 1726 sed
808 1691 881 1725 suis
925 1691 1091 1734 exemplis
1128 1690 1246 1725 vivere
1287 1702 1344 1725 eos
1382 1691 1582 1731 suadentes,
1619 1689 1663 1722 de
1702 1687 1829 1732 quibus

340 1739 411 1774 alio
456 1742 528 1775 loco
575 1742 656 1785 ipsa
699 1740 834 1774 Veritas
882 1740 951 1773 ait:
1001 1739 1172 1773 Docentee
1212 1740 1391 1772 doctrinae
1433 1739 1613 1773 hominum
1655 1742 1687 1771 et
1729 1748 1830 1770 man-

341 1790 428 1823 data
466 1791 537 1824 Dei
579 1795 852 1830 contemnentes;
894 1787 954 1832 qui
991 1800 1059 1832 per
1101 1788 1209 1822 aliam
1240 1793 1382 1831 partem
1421 1787 1609 1822 ascendere
1645 1789 1852 1830 quaerunt,

342 1856 468 1888 rapere
496 1849 527 1879 et
553 1845 720 1886 occidere,
746 1856 818 1877 non
844 1850 882 1877 ut
901 1849 1029 1887 pastor
1054 1844 1194 1877 salvare
1220 1849 1252 1877 et
1277 1854 1497 1877 conservare.
1539 1831 1655 1874 Hinc
1686 1838 1730 1873 et
1753 1845 1832 1887 per

341 1890 607 1932 Hieremiam
648 1889 901 1947 prophetam
940 1889 1151 1931 Dominus
1188 1889 1264 1930 ait:
1318 1888 1450 1941 Grex,
1487 1888 1698 1945 inquiens,
1768 1902 1832 1928 er-

344 1946 462 1988 ditus
479 1947 635 2002 factus
656 1953 715 1988 est
737 1944 934 2001 populus
953 1960 1085 1998 meus,
1110 1951 1312 2000 pastores
1342 1959 1411 1987 eos
1434 1903 1831 2000 seduoeeruntfece-

343 2009 531 2059 runtque
561 2003 724 2059 vaqari
752 2003 799 2044 in
830 2001 1057 2044 montibus.
1124 2001 1278 2043 Omnes
1336 2003 1384 2043 ui
1412 2002 1671 2043 invenerunt
1700 2014 1832 2042 come·

344 2059 502 2101 derunt
523 2074 605 2112 eos,
637 2066 674 2100 et
696 2059 833 2101 hostes
853 2073 1000 2100 eorum
1020 2058 1256 2099 dioeerunt:
1286 2061 1295 2083 ‘
1349 2072 1403 2099 on
1418 2058 1721 2112 peccavimus;
1745 2071 1835 2111 pro

345 2130 391 2157 eo
414 2116 529 2171 quod
549 2121 838 2169 peccaverunt
857 2114 1046 2156 Domino
1077 2113 1212 2155 haecd
1234 2114 1369 2169 passi
1397 2119 1500 2154 sunt
1529 2119 1567 2154 et
1595 2113 1699 2155 haec
1717 2113 1833 2168 feci-

343 2173 464 2214 mus’.
512 2172 609 2213 Hoc
637 2171 779 2227 ipsum
801 2176 914 2213 certe
935 2168 1228 2227 opprobrium,
1259 2168 1374 2226 quod
1403 2168 1545 2211 hostes
1566 2166 1836 2210 Hierusalem

345 2234 387 2270 et
422 2228 539 2269 cives
579 2227 843 2283 Babyloniae
886 2226 1114 2283 aliquando
1155 2225 1371 2277 dixerunt,
1412 2225 1493 2267 hoc
1539 2225 1667 2267 etiam
1707 2224 1753 2265 in
1790 2237 1834 2265 se

344 2283 661 2336 transtulerunt,
694 2284 767 2340 qui
795 2297 909 2325 nunc
945 2284 1066 2324 iuxta
1100 2281 1290 2324 eiusdem
1328 2280 1558 2338 prophetae
1587 2279 1836 2322 vaticinium

346 2340 660 2396 assumptiones
680 2339 808 2381 falsas
838 2346 880 2382 et
905 2339 1134 2381 eiectiones
1154 2337 1365 2380 viderunt.
1413 2337 1517 2379 Non
1541 2337 1837 2392 peccavimus,

346 2396 557 2451 inquiunt,
582 2411 668 2451 pro
690 2412 737 2438 eo
770 2396 886 2452 quod
908 2401 1207 2452 peccaverunt
1225 2394 1415 2436 Domino
1440 2394 1544 2435 haec
1563 2393 1696 2448 passi
1719 2397 1836 2433 sunt.

349 2450 456 2494 Sed:
498 2452 552 2494 Si
580 2452 836 2504 dioeerimus,
876 2453 936 2493 ait
965 2450 1175 2492 Iohannes
1205 2447 1437 2506 apostoluS,
1477 2449 1586 2505 quia
1607 2454 1837 2504 peccatum

348 2522 436 2549 non
466 2508 683 2560 habemus,
724 2509 814 2563 ipsi
843 2522 922 2548 nos
951 2507 1208 2558 seducimus,
1248 2512 1286 2548 et
1321 2506 1482 2547 veritas
1512 2506 1563 2546 in
1592 2504 1718 2547 nobis
1747 2519 1837 2546 non

350 2663 380 2698 a)
402 2664 581 2729 suptldigni
602 2664 717 2691 fflmch.
798 2662 829 2696 b)
851 2664 893 2688 ita
914 2662 1011 2696 Auq.;
1033 2664 1064 2688 et
1085 2662 1111 2687 1.
1195 2660 1222 2696 c)
1242 2661 1316 2687 deese
1338 2660 1414 2694 Auq.
1496 2659 1527 2694 d)
1550 2661 1628 2688 haec
1651 2675 1686 2682 —
1708 2661 1841 2687 secunus

350 2705 406 2729 des.
458 2711 515 2735 ua.

352 2834 389 2879 1)
432 2836 590 2869 Decreta
624 2825 743 2869 Sirio-ii
775 2845 904 2878 papae,
938 2834 1089 2866 Hinsch.
1124 2833 1149 2866 1.
1170 2844 1202 2866 c.
1237 2845 1273 2877 p.
1304 2832 1386 2874 522,
1422 2834 1522 2866 cuius
1555 2831 1666 2865 verba
1698 2810 1841 2875 saepius
1870 2874 1878 2877 ᾖ

350 2886 500 2918 mutavit
517 2888 652 2918 auctor.
730 2884 766 2925 2)
792 2884 984 2926 Augustini
1003 2882 1122 2926 Opera
1139 2882 1202 2924 IV,
1221 2883 1255 2924 2,
1273 2894 1308 2926 p.
1323 2880 1429 2916 1484.
1506 2880 1544 2925 3)
1571 2881 1665 2914 Ibid.
1685 2892 1720 2925 p.
1732 2879 1842 2914 1487.
1874 2882 1878 2885 ’

351 2932 389 2976 4)
426 2934 480 2968 cf.
505 2934 593 2967 ibid.
621 2933 693 2975 III,
721 2934 755 2973 2,
780 2944 816 2977 p.
845 2933 928 2966 595.
