1878 3308
343 289 412 323 DE
437 288 647 322 UMTATE
673 287 945 324 EchESIAE
972 287 1340 323 CONSERVANDA.
1492 328 1503 343 ⁰
1548 288 1594 322 49

94 401 329 459 epimpus
349 398 522 444 scribit:
558 409 744 452 Unitum,
764 400 904 457 inquit
918 409 947 455 ¹,
966 409 1028 455 qui
1051 420 1123 443 no‘n
1139 414 1240 450 tenet,
1267 420 1339 443 non
1365 413 1455 443 tenet
1472 408 1596 444 Patris

93 472 129 504 d
150 466 242 502 mi
253 467 379 512 fidon,
404 466 514 500 vitam
539 477 611 500 non
637 470 728 500 tenet
758 471 789 500 ct
822 466 982 500 salutem.
1034 453 1234 508 Proinde,
1272 453 1487 511 quomodo
1524 453 1595 496 ille

94 511 357 556 Hildebrant
395 510 629 554 catholicus
665 512 819 565 extitit,
856 511 931 568 qui
969 524 1055 552 non
1094 508 1318 564 ecclesiae,
1361 510 1437 552 sed
1481 511 1595 567 parti

93 567 296 627 praefuit,
325 569 439 612 sicut
458 568 589 611 etiam
614 566 814 610 defensor
841 567 976 623 ipsius
1006 565 1169 620 scribit,
1230 567 1273 608 ui
1295 567 1373 609 etsi
1394 566 1594 623 apostoli-

89 638 194 668 cam
212 624 361 669 sedem
381 624 462 667 sibi
487 624 770 680 usurpaverit,
790 636 1011 688 nunquam
1031 628 1176 664 tamen
1237 637 1392 665 omana
1411 621 1595 665 ecclesia

91 679 210 724 illius
238 695 398 739 sponsa
423 680 517 734 fuit,
548 693 678 737 quam
697 694 776 737 pro
795 678 990 735 legitima
1009 678 1238 722 donatione
1258 677 1461 735 spiritalis
1482 678 1594 721 dotis

90 736 261 782 collatis
288 744 388 780 ante
411 736 630 780 beneficiis
654 735 868 793 spoliavit,
897 734 1106 792 proscidit
1134 749 1185 777 ac
1205 735 1439 788 dilaniavit,
1470 735 1594 778 iuxta

124 793 214 837 uod
255 794 303 836 in
339 792 528 836 secundo
572 792 699 835 huius
737 791 835 835 libri
881 790 1070 848 capitulo
1109 790 1273 834 dictum
1310 798 1375 834 est
1413 798 1455 834 et
1493 806 1594 834 vere

90 807 258 894 dietum
286 849 382 894 est?
423 849 567 915 Atque
595 848 694 892 ideo
723 849 831 905 ipsa,
860 862 972 905 quae
993 862 1094 890 vere
1123 853 1216 891 erat
1245 855 1287 891 et
1315 853 1381 891 est
1400 847 1596 890 Romana

92 904 290 960 ecclesia,
330 919 430 949 cum
465 912 520 948 sit
555 911 694 948 mater
734 905 925 946 omnium
965 903 1255 958 ecclesiarum,
1296 919 1407 961 quae
1446 902 1591 960 aliquo

92 975 229 1020 pravo
249 961 490 1062 fgflgmaoe·
507 975 629 1060 negili
623 960 853 1027 aliquando
893 959 1043 1003 fefellit
1070 974 1150 1004 nec
1178 960 1322 1059 aliana
1350 959 1490 1003 heresi
1518 974 1594 1057 1ἷ11-

90 1032 301 1130 ἓιῗῗῗηω
327 1032 428 1117 23²1?
428 1023 593 1131 *ζῗέωι
620 1023 1532 1124 ggg⁰13313¹gfi⁸2¹ffig⁸v¹i¹ggggm⁰333?
1549 1030 1594 1114 {⁰11

89 1144 171 1230 ger
197 1130 508 1174 dissensionem
537 1145 585 1173 re
618 1131 652 1172 's
680 1129 889 1172 Henrichi
918 1136 961 1172 et
985 1128 1256 1172 Hildebranti
1286 1143 1427 1187 papae
1456 1136 1524 1170 tra
1555 1143 1595 1171 e-

124 1193 264 1243 antur,
293 1193 338 1231 et
364 1187 529 1229 utinam
558 1201 584 1228 a
616 1185 699 1228 huc
727 1201 814 1229 non
833 1185 1099 1228 traherentur
1127 1185 1183 1228 ad
1203 1186 1435 1238 interitum,
1466 1183 1595 1240 elegit

91 1257 262 1287 summa
287 1243 544 1287 necessitate
573 1242 860 1299 Wigberdum
889 1242 1150 1285 Ravennatis
1184 1241 1391 1284 ecclesiae
1430 1240 1593 1297 episco-

90 1313 198 1357 pum
227 1298 284 1342 ad
312 1298 570 1356 pastoralem
601 1313 747 1341 curam
772 1298 955 1340 Romani
983 1298 1272 1354 pontificatus,
1303 1297 1593 1340 consentiente

91 1357 255 1413 pariter
282 1362 327 1399 et
411 1361 508 1398 ente
536 1370 638 1412 rege
660 1354 879 1397 Henricho
899 1353 1137 1412 eodemque
1167 1354 1351 1411 patricio
1372 1354 1591 1395 Romanae

91 1411 314 1456 ecclesiae.
353 1369 613 1455 afieoessitas
641 1416 784 1454 autem
814 1425 901 1452 non
930 1409 1060 1453 habet
1095 1410 1247 1466 legem.
1306 1409 1433 1452 Unde
1467 1408 1592 1451 Inno-

0 1459 11 1518 i}
90 1467 260 1511 centius
278 1481 411 1525 papa:
441 1477 547 1519 Quod
570 1477 769 1519 necessitas,
793 1467 933 1523 inquit
945 1474 974 1519 ²,
999 1489 1068 1520 pro
1097 1476 1248 1510 remedio
1271 1475 1411 1518 reperit,
1437 1477 1592 1507 cessante

91 1527 299 1563 umato
322 1527 423 1563 debet
446 1526 568 1570 utique
592 1537 740 1568 cessare,
766 1528 862 1569 quod
886 1528 1046 1572 urgebat,
1080 1525 1168 1568 quia
1193 1524 1286 1558 alius
1313 1528 1363 1558 est
1387 1524 1475 1558 ordo
1509 1521 1592 1566 leyz‘-

11 1583 13 1587 “
91 1580 212 1624 tintus,
245 1581 323 1616 alia
353 1581 551 1625 usurpatio,
578 1592 686 1624 quam
718 1581 768 1614 ad
786 1592 960 1624 praesens
976 1581 1062 1626 fieri
1087 1584 1222 1622 tempus
1247 1578 1405 1622 impellit.
1456 1567 1595 1623 Igitur

0 1653 19 1684 3.
89 1625 253 1669 fictum
291 1639 378 1668 11011
414 1633 480 1669 est
518 1626 732 1668 hereticae
768 1627 993 1682 pravitatis
1031 1638 1187 1677 errore,
1228 1622 1345 1680 quod
1379 1623 1595 1667 consensit

3 1699 15 1720 a
90 1681 359 1748 Wigberdus
401 1683 568 1724 viventi
611 1680 755 1724 adhuc
799 1681 1098 1725 Hildebrando
1142 1679 1382 1736 subrogari,
1426 1693 1593 1721 summa

89 1736 256 1782 scilicet
292 1739 560 1792 necessitate,
600 1738 805 1795 quoniam
834 1745 1014 1794 constat,
1049 1751 1147 1780 eum
1176 1736 1336 1778 vixisse
1365 1734 1422 1777 ad
1450 1736 1593 1779 interi-

89 1800 183 1838 tum
219 1793 427 1838 ccclesiae
466 1795 628 1852 pariter
656 1801 699 1837 et
725 1794 789 1837 rei
850 1794 1033 1838 ublicae.
1091 1793 1210 1835 Nam
1240 1794 1281 1834 si
1318 1792 1394 1846 Wzss
1417 1792 1590 1844 bardus,

9 1895 13 1898 Δ
89 1850 247 1950 influit,
262 1851 356 1908 fur
381 1858 421 1895 et
450 1851 663 1894 hereticus
691 1866 780 1894 non
797 1810 978 1906 fnisset,
1009 1850 1171 1893 viventi
1201 1849 1346 1891 adhuc
1443 1850 1592 1905 egos-io

91 1922 124 1951 π
291 1923 345 1950 us
387 1908 629 1972 subroqqri
673 1908 970 1949 consensisset.
1027 1907 1116 1949 Iste
1157 1905 1295 1960 magis
1334 1903 1404 1945 fur
1442 1908 1508 1945 est
1551 1910 1594 1946 ct

11 1979 19 1986 “
91 1961 319 2016 hereticus,
367 1963 442 2020 qui
483 1963 631 2006 furtim
675 1961 864 2005 collectis
893 1962 1084 2027 undique
1129 1967 1374 2003 sanctorum
1419 1965 1592 2015 patrum

91 2018 351 2063 testimoniis
379 2019 436 2061 ad
465 2017 783 2061 confirmandas
812 2019 1153 2060 scismaticorum
1184 2017 1342 2072 pariter
1372 2020 1414 2057 et
1442 2015 1593 2057 hereti·

7 2062 18 2103 ⁸*
92 2089 243 2118 corum
271 2081 415 2131 partes
443 2075 634 2116 introivit
662 2073 718 2115 ad
737 2073 1009 2117 scribendum
1041 2080 1085 2115 et
1112 2072 1249 2114 exivit
1267 2070 1440 2112 aliunde
1461 2084 1591 2127 quam

3 2111 21 2175 Ξ
92 2130 363 2231 gemam,
394 2130 510 2187 quod
530 2137 596 2172 est
615 2129 825 2182 Christus,
856 2130 1019 2172 docens
1049 2130 1178 2172 etiam
1208 2128 1372 2192 absque
1396 2126 1593 2191 doctrina

0 2187 16 2201 ¹
187 2187 196 2196 “
242 2187 252 2197 ”
284 2192 328 2229 ct
354 2185 537 2244 loquens
565 2185 731 2243 absque
759 2186 952 2240 veritate,
982 2199 1093 2242 quae
1122 2191 1187 2227 est
1216 2182 1423 2236 Christus,
1454 2180 1591 2238 qualis

91 2249 210 2287 certe
240 2242 397 2286 dicitur
415 2241 718 2295 Antichristus,
748 2242 975 2299 quoniam:
1010 2240 1099 2290 Qui
1117 2255 1292 2293 mecum,
1321 2238 1473 2295 inquit,
1503 2252 1591 2280 non
1605 2248 1813 2282 maumam.

14 2317 18 2323 ·
90 2306 170 2354 set,
206 2306 360 2342 contra
398 2315 463 2342 me
500 2305 574 2341 est.
633 2297 801 2351 Quodsi
832 2297 1029 2341 Clemens
1064 2311 1178 2353 papa
1206 2310 1306 2338 vere
1334 2295 1432 2351 pius
1462 2300 1591 2350 atque

93 2355 302 2413 pacificus
348 2354 520 2398 videtur
567 2354 633 2396 his
672 2354 746 2411 qui
785 2359 886 2396 sunt
923 2369 978 2396 ex
1019 2352 1293 2396 contentione
1330 2349 1397 2393 vel
1432 2350 1476 2391 in
1510 2349 1592 2391 hoc

14 2427 19 2450 ῑ
93 2410 321 2469 culpabilis
351 2426 456 2465 esse,
481 2468 491 2477 ·
517 2410 604 2453 uod
632 2418 760 2452 antea
788 2411 934 2468 episco
967 2424 1019 2453 us
1047 2409 1221 2451 alterius
1242 2405 1448 2450 ecclesiae
1478 2419 1594 2447 nunc

18 2494 23 2498 -
93 2466 233 2511 fuctus
270 2475 336 2511 est
373 2474 493 2525 ponti
513 2482 568 2510 ex
605 2466 823 2509 Romanae
861 2481 936 2509 ecc
954 2467 1080 2518 esiae,
1125 2465 1274 2516 sciant,
1318 2462 1400 2504 hoc
1428 2461 1592 2503 licitum

19 2534 21 2538 ’
94 2537 191 2566 esse
218 2537 275 2567 ex
303 2537 517 2567 canonum
548 2522 864 2575 constitutione,
895 2522 1126 2580 praecipue
1155 2526 1298 2563 autem
1328 2533 1383 2561 ex
1411 2517 1594 2561 decretis

23 2606 26 2607 ν
96 2576 311 2623 Antheros
350 2594 489 2636 papae
503 2586 533 2633 ⁸,
569 2579 605 2621 si
645 2593 730 2620 non
767 2578 893 2621 fuerit
926 2577 1113 2620 ambitus
1143 2588 1285 2629 causa,
1315 2573 1390 2617 sed
1421 2581 1496 2616 aut
1523 2587 1595 2615 ne-

24 2657 26 2661 *
94 2635 296 2680 cessitate
324 2643 401 2679 aut
427 2635 622 2687 utilitate,
653 2635 776 2677 iuxta
803 2634 918 2691 quod
947 2641 1120 2676 sauctus
1140 2632 1292 2675 Petrus
1322 2636 1366 2673 et
1424 2629 1595 2686 rinceps

94 2690 388 2749 apostolorum
406 2691 460 2734 de
477 2690 707 2734 Antiochia
722 2689 915 2733 utilitatis
929 2704 1058 2732 causa
1073 2687 1304 2732 translatus
1319 2693 1385 2730 est
1438 2698 1595 2737 omam,

101 2836 138 2879 1)
157 2835 328 2882 Cypriani
347 2838 468 2882 Opera
485 2848 521 2881 p.
540 2836 623 2878 215,
643 2837 679 2870 9.
756 2837 795 2879 2)
815 2836 972 2869 Decreta
990 2835 1191 2870 Innocentii
1209 2843 1325 2878 papas
1347 2832 1393 2866 ad
1411 2831 1539 2865 Rufum
1560 2835 1595 2863 et

97 2884 292 2920 Baebium
320 2890 390 2920 etc.
429 2897 461 2920 c.
488 2887 523 2925 5.
562 2885 757 2919 Hinschius
795 2896 830 2929 p.
857 2885 940 2918 660.
1074 2883 1113 2926 8)
1153 2883 1270 2928 Epist.
1303 2882 1430 2916 Antei-i
1465 2888 1596 2924 pspss,

95 2932 241 2970 noeros
267 2934 533 2970 Pseudoisidor.
559 2944 617 2979 sp.
644 2933 855 2968 Hiuschium
882 2945 916 2977 p.
937 2933 1019 2967 152.

1236 2986 1257 3017 4
