<?xml version="1.0" encoding="UTF-8"?>
<!DOCTYPE html PUBLIC "-//W3C//DTD XHTML 1.0 Transitional//EN"
    "http://www.w3.org/TR/xhtml1/DTD/xhtml1-transitional.dtd">
<html xmlns="http://www.w3.org/1999/xhtml" xml:lang="en" lang="en">
 <head>
  <title>
</title>
<meta http-equiv="Content-Type" content="text/html;charset=utf-8" />
  <meta name='ocr-system' content='tesseract 3.04.00' />
  <meta name='ocr-capabilities' content='ocr_page ocr_carea ocr_par ocr_line ocrx_word'/>
</head>
<body>
  <div class='ocr_page' id='page_1' title='image "./waltramiutvidetu00walruoft_0042.png"; bbox 0 0 1878 3308; ppageno 0'>
   <div class='ocr_carea' id='block_1_1' title="bbox 286 245 1543 284">
    <p class='ocr_par' dir='ltr' id='par_1_1' title="bbox 286 245 1543 284">
     <span class='ocr_line' id='line_1_1' title="bbox 286 245 1543 284; baseline -0.005 0"><span class='ocrx_word' id='word_1_1' title='bbox 286 252 330 284; x_wconf 82' lang='lat'><strong>16</strong></span> <span class='ocrx_word' id='word_1_2' title='bbox 546 251 611 283; x_wconf 85' lang='lat' dir='ltr'><strong>DE</strong></span> <span class='ocrx_word' id='word_1_3' title='bbox 638 250 849 283; x_wconf 86' lang='lat' dir='ltr'>UNITATE</span> <span class='ocrx_word' id='word_1_4' title='bbox 876 247 1146 282; x_wconf 84' lang='lat' dir='ltr'>ECCLESIAE</span> <span class='ocrx_word' id='word_1_5' title='bbox 1175 245 1543 282; x_wconf 76' lang='lat' dir='ltr'>CONSERVANDA.</span> 
     </span>
    </p>
   </div>
   <div class='ocr_carea' id='block_1_2' title="bbox 284 355 1854 2584">
    <p class='ocr_par' dir='ltr' id='par_1_2' title="bbox 284 355 1854 2584">
     <span class='ocr_line' id='line_1_2' title="bbox 284 355 1776 420; baseline -0.005 -15"><span class='ocrx_word' id='word_1_6' title='bbox 284 364 376 420; x_wconf 89' lang='lat' dir='ltr'><strong>ipse</strong></span> <span class='ocrx_word' id='word_1_7' title='bbox 415 377 585 419; x_wconf 89' lang='lat' dir='ltr'><strong>quoque</strong></span> <span class='ocrx_word' id='word_1_8' title='bbox 624 368 796 404; x_wconf 86' lang='lat' dir='ltr'><strong>sanctus</strong></span> <span class='ocrx_word' id='word_1_9' title='bbox 827 359 1082 403; x_wconf 85' lang='lat' dir='ltr'><strong>Ambrosius</strong></span> <span class='ocrx_word' id='word_1_10' title='bbox 1122 357 1348 401; x_wconf 84' lang='lat' dir='ltr'><strong>ecclesiam</strong></span> <span class='ocrx_word' id='word_1_11' title='bbox 1383 372 1470 400; x_wconf 90' lang='lat' dir='ltr'><strong>non</strong></span> <span class='ocrx_word' id='word_1_12' title='bbox 1506 355 1663 409; x_wconf 80' lang='lat' dir='ltr'><strong>divisit,</strong></span> <span class='ocrx_word' id='word_1_13' title='bbox 1699 356 1776 398; x_wconf 83' lang='lat' dir='ltr'><strong>sed</strong></span> 
     </span>
     <span class='ocr_line' id='line_1_3' title="bbox 285 411 1776 476; baseline -0.006 -14"><span class='ocrx_word' id='word_1_14' title='bbox 285 435 336 462; x_wconf 86' lang='lat' dir='ltr'><strong>ea</strong></span> <span class='ocrx_word' id='word_1_15' title='bbox 373 433 481 476; x_wconf 82' lang='lat' dir='ltr'><strong>quae</strong></span> <span class='ocrx_word' id='word_1_16' title='bbox 521 418 705 460; x_wconf 88' lang='lat' dir='ltr'><strong>caesaris</strong></span> <span class='ocrx_word' id='word_1_17' title='bbox 745 423 843 459; x_wconf 87' lang='lat' dir='ltr'><strong>sunt</strong></span> <span class='ocrx_word' id='word_1_18' title='bbox 882 415 1044 458; x_wconf 82' lang='lat' dir='ltr'>caesari</span> <span class='ocrx_word' id='word_1_19' title='bbox 1086 422 1128 458; x_wconf 89' lang='lat' dir='ltr'><strong>et</strong></span> <span class='ocrx_word' id='word_1_20' title='bbox 1157 429 1265 472; x_wconf 86' lang='lat' dir='ltr'><strong>quae</strong></span> <span class='ocrx_word' id='word_1_21' title='bbox 1295 414 1379 456; x_wconf 90' lang='lat' dir='ltr'><strong>Dei</strong></span> <span class='ocrx_word' id='word_1_22' title='bbox 1417 414 1514 457; x_wconf 92' lang='lat' dir='ltr'><strong>Deo</strong></span> <span class='ocrx_word' id='word_1_23' title='bbox 1552 411 1776 455; x_wconf 87' lang='lat' dir='ltr'><strong>reddenda</strong></span> 
     </span>
     <span class='ocr_line' id='line_1_4' title="bbox 286 467 1773 531; baseline -0.005 -14"><span class='ocrx_word' id='word_1_24' title='bbox 286 490 379 518; x_wconf 88' lang='lat' dir='ltr'><strong>esse</strong></span> <span class='ocrx_word' id='word_1_25' title='bbox 399 474 556 528; x_wconf 90' lang='lat' dir='ltr'><strong>docuit,</strong></span> <span class='ocrx_word' id='word_1_26' title='bbox 588 474 662 531; x_wconf 95' lang='lat' dir='ltr'><strong>qui</strong></span> <span class='ocrx_word' id='word_1_27' title='bbox 681 472 971 516; x_wconf 84' lang='lat' dir='ltr'>Theodosium</span> <span class='ocrx_word' id='word_1_28' title='bbox 993 471 1167 529; x_wconf 90' lang='lat' dir='ltr'><strong>quidem</strong></span> <span class='ocrx_word' id='word_1_29' title='bbox 1187 471 1485 527; x_wconf 82' lang='lat' dir='ltr'><strong>imperatorem</strong></span> <span class='ocrx_word' id='word_1_30' title='bbox 1507 483 1601 512; x_wconf 91' lang='lat' dir='ltr'><strong>com</strong></span> <span class='ocrx_word' id='word_1_31' title='bbox 1636 467 1773 511; x_wconf 89' lang='lat' dir='ltr'><strong>ulsum</strong></span> 
     </span>
     <span class='ocr_line' id='line_1_5' title="bbox 285 524 1778 587; baseline -0.005 -14"><span class='ocrx_word' id='word_1_32' title='bbox 285 530 469 574; x_wconf 82' lang='lat' dir='ltr'><strong>tumultu</strong></span> <span class='ocrx_word' id='word_1_33' title='bbox 506 529 774 587; x_wconf 89' lang='lat' dir='ltr'><strong>quorundam</strong></span> <span class='ocrx_word' id='word_1_34' title='bbox 814 529 889 586; x_wconf 92' lang='lat' dir='ltr'><strong>qui</strong></span> <span class='ocrx_word' id='word_1_35' title='bbox 928 528 967 570; x_wconf 88' lang='lat' dir='ltr'><strong>ei</strong></span> <span class='ocrx_word' id='word_1_36' title='bbox 1005 527 1300 581; x_wconf 82' lang='lat' dir='ltr'><strong>cohaerebant,</strong></span> <span class='ocrx_word' id='word_1_37' title='bbox 1344 526 1562 568; x_wconf 86' lang='lat' dir='ltr'><strong>vindicare</strong></span> <span class='ocrx_word' id='word_1_38' title='bbox 1637 524 1778 567; x_wconf 80' lang='lat' dir='ltr'><strong>hessa-</strong></span> 
     </span>
     <span class='ocr_line' id='line_1_6' title="bbox 285 580 1808 642; baseline -0.004 -14"><span class='ocrx_word' id='word_1_39' title='bbox 285 586 563 629; x_wconf 84' lang='lat' dir='ltr'><strong>lonicensium</strong></span> <span class='ocrx_word' id='word_1_40' title='bbox 593 585 727 628; x_wconf 88' lang='lat' dir='ltr'><strong>scelus</strong></span> <span class='ocrx_word' id='word_1_41' title='bbox 757 585 1072 642; x_wconf 86' lang='lat' dir='ltr'><strong>gravissimum,</strong></span> <span class='ocrx_word' id='word_1_42' title='bbox 1105 582 1392 626; x_wconf 87' lang='lat' dir='ltr'><strong>ecclesiastica</strong></span> <span class='ocrx_word' id='word_1_43' title='bbox 1430 582 1619 624; x_wconf 81' lang='lat' dir='ltr'><strong>coercuit</strong></span> <span class='ocrx_word' id='word_1_44' title='bbox 1655 580 1778 623; x_wconf 87' lang='lat' dir='ltr'><strong>disci·</strong></span> <span class='ocrx_word' id='word_1_45' title='bbox 1806 606 1808 608; x_wconf 60' lang='lat'>&gt;</span> 
     </span>
     <span class='ocr_line' id='line_1_7' title="bbox 287 637 1779 699; baseline -0.004 -15"><span class='ocrx_word' id='word_1_46' title='bbox 287 642 425 699; x_wconf 82' lang='lat' dir='ltr'><strong>plina3</strong></span> <span class='ocrx_word' id='word_1_47' title='bbox 456 657 583 699; x_wconf 90' lang='lat' dir='ltr'><strong>quem</strong></span> <span class='ocrx_word' id='word_1_48' title='bbox 612 643 722 684; x_wconf 89' lang='lat' dir='ltr'><strong>inter</strong></span> <span class='ocrx_word' id='word_1_49' title='bbox 753 641 836 683; x_wconf 84' lang='lat' dir='ltr'><strong>alia</strong></span> <span class='ocrx_word' id='word_1_50' title='bbox 865 639 1116 684; x_wconf 90' lang='lat' dir='ltr'><strong>eruditionis</strong></span> <span class='ocrx_word' id='word_1_51' title='bbox 1146 639 1280 682; x_wconf 88' lang='lat' dir='ltr'><strong>verba</strong></span> <span class='ocrx_word' id='word_1_52' title='bbox 1308 637 1539 694; x_wconf 83' lang='lat' dir='ltr'><strong>alloquitur</strong></span> <span class='ocrx_word' id='word_1_53' title='bbox 1565 637 1636 692; x_wconf 82' lang='lat' dir='ltr'><strong>ita,</strong></span> <span class='ocrx_word' id='word_1_54' title='bbox 1667 637 1779 679; x_wconf 85' lang='lat' dir='ltr'><strong>sicut</strong></span> 
     </span>
     <span class='ocr_line' id='line_1_8' title="bbox 287 693 1778 754; baseline -0.005 -13"><span class='ocrx_word' id='word_1_55' title='bbox 287 701 332 740; x_wconf 87' lang='lat' dir='ltr'><strong>in</strong></span> <span class='ocrx_word' id='word_1_56' title='bbox 372 697 663 741; x_wconf 86' lang='lat' dir='ltr'><strong>ecclesiastica</strong></span> <span class='ocrx_word' id='word_1_57' title='bbox 704 697 887 754; x_wconf 76' lang='lat' dir='ltr'><strong>legitura</strong></span> <span class='ocrx_word' id='word_1_58' title='bbox 934 695 1112 738; x_wconf 85' lang='lat' dir='ltr'><strong>historia</strong></span> <span class='ocrx_word' id='word_1_59' title='bbox 1155 709 1266 752; x_wconf 89' lang='lat' dir='ltr'><strong>quae</strong></span> <span class='ocrx_word' id='word_1_60' title='bbox 1305 694 1460 736; x_wconf 90' lang='lat' dir='ltr'><strong>dicitur</strong></span> <span class='ocrx_word' id='word_1_61' title='bbox 1497 693 1778 750; x_wconf 84' lang='lat' dir='ltr'><strong>Tripertita1:</strong></span> 
     </span>
     <span class='ocr_line' id='line_1_9' title="bbox 289 753 1780 802; baseline -0.005 -9"><span class='ocrx_word' id='word_1_62' title='bbox 289 758 539 802; x_wconf 79' lang='lat' dir='ltr'><strong>Coaequalium</strong></span> <span class='ocrx_word' id='word_1_63' title='bbox 571 757 750 791; x_wconf 79' lang='lat' dir='ltr'><strong>hominum</strong></span> <span class='ocrx_word' id='word_1_64' title='bbox 788 763 820 791; x_wconf 84' lang='lat' dir='ltr'><strong>et</strong></span> <span class='ocrx_word' id='word_1_65' title='bbox 853 768 1097 790; x_wconf 85' lang='lat' dir='ltr'><strong>conservorum</strong></span> <span class='ocrx_word' id='word_1_66' title='bbox 1124 756 1292 798; x_wconf 81' lang='lat' dir='ltr'><strong>princeps</strong></span> <span class='ocrx_word' id='word_1_67' title='bbox 1325 766 1371 796; x_wconf 85' lang='lat' dir='ltr'><strong>es,</strong></span> <span class='ocrx_word' id='word_1_68' title='bbox 1398 765 1417 787; x_wconf 93' lang='lat' dir='ltr'><strong>o</strong></span> <span class='ocrx_word' id='word_1_69' title='bbox 1451 753 1654 797; x_wconf 81' lang='lat' dir='ltr'><strong>imperator,</strong></span> <span class='ocrx_word' id='word_1_70' title='bbox 1685 763 1780 787; x_wconf 77' lang='lat' dir='ltr'><strong>unus</strong></span> 
     </span>
     <span class='ocr_line' id='line_1_10' title="bbox 290 801 1780 847; baseline -0.003 -7"><span class='ocrx_word' id='word_1_71' title='bbox 290 814 406 841; x_wconf 83' lang='lat' dir='ltr'><strong>autem</strong></span> <span class='ocrx_word' id='word_1_72' title='bbox 431 806 584 841; x_wconf 85' lang='lat' dir='ltr'><strong>omnium</strong></span> <span class='ocrx_word' id='word_1_73' title='bbox 611 813 660 840; x_wconf 86' lang='lat' dir='ltr'><strong>est</strong></span> <span class='ocrx_word' id='word_1_74' title='bbox 678 806 865 847; x_wconf 84' lang='lat' dir='ltr'><strong>Dominus,</strong></span> <span class='ocrx_word' id='word_1_75' title='bbox 892 817 956 840; x_wconf 77' lang='lat' dir='ltr'><strong>rea:</strong></span> <span class='ocrx_word' id='word_1_76' title='bbox 982 806 1137 839; x_wconf 88' lang='lat' dir='ltr'><strong>omnium</strong></span> <span class='ocrx_word' id='word_1_77' title='bbox 1163 810 1195 838; x_wconf 89' lang='lat' dir='ltr'><strong>et</strong></span> <span class='ocrx_word' id='word_1_78' title='bbox 1219 809 1367 845; x_wconf 86' lang='lat' dir='ltr'><strong>creator,</strong></span> <span class='ocrx_word' id='word_1_79' title='bbox 1395 802 1494 836; x_wconf 76' lang='lat' dir='ltr'><strong>cuius</strong></span> <span class='ocrx_word' id='word_1_80' title='bbox 1521 813 1616 836; x_wconf 78' lang='lat' dir='ltr'><strong>nunc</strong></span> <span class='ocrx_word' id='word_1_81' title='bbox 1640 801 1780 845; x_wconf 79' lang='lat' dir='ltr'><strong>suscipe</strong></span> 
     </span>
     <span class='ocr_line' id='line_1_11' title="bbox 290 850 1781 900; baseline -0.004 -10"><span class='ocrx_word' id='word_1_82' title='bbox 290 857 468 890; x_wconf 87' lang='lat' dir='ltr'><strong>vinculum</strong></span> <span class='ocrx_word' id='word_1_83' title='bbox 489 868 559 900; x_wconf 90' lang='lat' dir='ltr'><strong>pro</strong></span> <span class='ocrx_word' id='word_1_84' title='bbox 587 856 693 889; x_wconf 87' lang='lat' dir='ltr'><strong>caede</strong></span> <span class='ocrx_word' id='word_1_85' title='bbox 713 855 843 899; x_wconf 86' lang='lat' dir='ltr'><strong>populi</strong></span> <span class='ocrx_word' id='word_1_86' title='bbox 867 866 939 888; x_wconf 86' lang='lat' dir='ltr'><strong>non</strong></span> <span class='ocrx_word' id='word_1_87' title='bbox 957 854 1192 898; x_wconf 75' lang='lat' dir='ltr'><strong>praecedente</strong></span> <span class='ocrx_word' id='word_1_88' title='bbox 1218 851 1348 886; x_wconf 86' lang='lat' dir='ltr'><strong>iudicio</strong></span> <span class='ocrx_word' id='word_1_89' title='bbox 1367 855 1589 896; x_wconf 71' lang='lat' dir='ltr'><strong>perpetrata,</strong></span> <span class='ocrx_word' id='word_1_90' title='bbox 1614 850 1781 895; x_wconf 83' lang='lat' dir='ltr'><strong>quoniam</strong></span> 
     </span>
     <span class='ocr_line' id='line_1_12' title="bbox 288 899 1781 945; baseline -0.003 -7"><span class='ocrx_word' id='word_1_91' title='bbox 288 905 465 940; x_wconf 85' lang='lat' dir='ltr'><strong>medicina</strong></span> <span class='ocrx_word' id='word_1_92' title='bbox 499 905 585 939; x_wconf 84' lang='lat' dir='ltr'><strong>haec</strong></span> <span class='ocrx_word' id='word_1_93' title='bbox 611 910 659 938; x_wconf 87' lang='lat' dir='ltr'><strong>est</strong></span> <span class='ocrx_word' id='word_1_94' title='bbox 692 903 858 938; x_wconf 86' lang='lat' dir='ltr'><strong>sanitatis</strong></span> <span class='ocrx_word' id='word_1_95' title='bbox 883 902 1050 937; x_wconf 74' lang='lat' dir='ltr'><strong>maxima.</strong></span> <span class='ocrx_word' id='word_1_96' title='bbox 1101 901 1147 935; x_wconf 86' lang='lat' dir='ltr'><strong>At</strong></span> <span class='ocrx_word' id='word_1_97' title='bbox 1172 901 1364 945; x_wconf 84' lang='lat' dir='ltr'><strong>imperator</strong></span> <span class='ocrx_word' id='word_1_98' title='bbox 1388 901 1523 944; x_wconf 82' lang='lat' dir='ltr'><strong>inquit.-</strong></span> <span class='ocrx_word' id='word_1_99' title='bbox 1552 899 1667 934; x_wconf 82' lang='lat' dir='ltr'><strong>Tuum</strong></span> <span class='ocrx_word' id='word_1_100' title='bbox 1693 910 1781 944; x_wconf 80' lang='lat' dir='ltr'><strong>opus</strong></span> 
     </span>
     <span class='ocr_line' id='line_1_13' title="bbox 292 948 1780 995; baseline -0.003 -8"><span class='ocrx_word' id='word_1_101' title='bbox 292 960 342 988; x_wconf 86' lang='lat' dir='ltr'><strong>est</strong></span> <span class='ocrx_word' id='word_1_102' title='bbox 372 959 403 987; x_wconf 89' lang='lat' dir='ltr'><strong>et</strong></span> <span class='ocrx_word' id='word_1_103' title='bbox 437 954 559 987; x_wconf 87' lang='lat' dir='ltr'><strong>docere</strong></span> <span class='ocrx_word' id='word_1_104' title='bbox 598 959 629 987; x_wconf 89' lang='lat' dir='ltr'><strong>et</strong></span> <span class='ocrx_word' id='word_1_105' title='bbox 662 953 898 986; x_wconf 88' lang='lat' dir='ltr'><strong>medicamina</strong></span> <span class='ocrx_word' id='word_1_106' title='bbox 932 958 1134 995; x_wconf 86' lang='lat' dir='ltr'><strong>temperare,</strong></span> <span class='ocrx_word' id='word_1_107' title='bbox 1169 962 1283 984; x_wconf 89' lang='lat' dir='ltr'><strong>meum</strong></span> <span class='ocrx_word' id='word_1_108' title='bbox 1317 961 1398 984; x_wconf 88' lang='lat' dir='ltr'><strong>vero</strong></span> <span class='ocrx_word' id='word_1_109' title='bbox 1435 949 1556 983; x_wconf 80' lang='lat' dir='ltr'><strong>oblata</strong></span> <span class='ocrx_word' id='word_1_110' title='bbox 1592 948 1780 992; x_wconf 81' lang='lat' dir='ltr'><strong>suscipere.</strong></span> 
     </span>
     <span class='ocr_line' id='line_1_14' title="bbox 298 996 1782 1044; baseline -0.003 -9"><span class='ocrx_word' id='word_1_111' title='bbox 298 1003 396 1036; x_wconf 85' lang='lat' dir='ltr'><strong>Tunc</strong></span> <span class='ocrx_word' id='word_1_112' title='bbox 422 1002 627 1036; x_wconf 83' lang='lat' dir='ltr'><strong>Ambrosius</strong></span> <span class='ocrx_word' id='word_1_113' title='bbox 654 1000 846 1042; x_wconf 83' lang='lat' dir='ltr'><strong>admonuit,</strong></span> <span class='ocrx_word' id='word_1_114' title='bbox 873 1002 979 1044; x_wconf 73' lang='lat' dir='ltr'><strong>leqem</strong></span> <span class='ocrx_word' id='word_1_115' title='bbox 1005 1012 1081 1034; x_wconf 87' lang='lat' dir='ltr'><strong>eum</strong></span> <span class='ocrx_word' id='word_1_116' title='bbox 1101 999 1239 1033; x_wconf 83' lang='lat' dir='ltr'><strong>sancire</strong></span> <span class='ocrx_word' id='word_1_117' title='bbox 1264 999 1301 1032; x_wconf 84' lang='lat' dir='ltr'><strong>in</strong></span> <span class='ocrx_word' id='word_1_118' title='bbox 1316 1004 1510 1042; x_wconf 84' lang='lat' dir='ltr'><strong>posterum,</strong></span> <span class='ocrx_word' id='word_1_119' title='bbox 1535 1003 1575 1031; x_wconf 84' lang='lat' dir='ltr'><strong>ut</strong></span> <span class='ocrx_word' id='word_1_120' title='bbox 1591 996 1782 1032; x_wconf 83' lang='lat' dir='ltr'><strong>sententiae</strong></span> 
     </span>
     <span class='ocr_line' id='line_1_15' title="bbox 285 1045 1783 1095; baseline -0.003 -11"><span class='ocrx_word' id='word_1_121' title='bbox 285 1051 494 1095; x_wconf 74' lang='lat' dir='ltr'><strong>principum</strong></span> <span class='ocrx_word' id='word_1_122' title='bbox 527 1062 634 1094; x_wconf 87' lang='lat' dir='ltr'><strong>super</strong></span> <span class='ocrx_word' id='word_1_123' title='bbox 668 1050 974 1084; x_wconf 86' lang='lat' dir='ltr'><strong>animadversione</strong></span> <span class='ocrx_word' id='word_1_124' title='bbox 1006 1049 1234 1093; x_wconf 75' lang='lat' dir='ltr'><strong>differrentur</strong></span> <span class='ocrx_word' id='word_1_125' title='bbox 1267 1048 1310 1081; x_wconf 86' lang='lat' dir='ltr'><strong>ab</strong></span> <span class='ocrx_word' id='word_1_126' title='bbox 1345 1047 1586 1081; x_wconf 74' lang='lat' dir='ltr'><strong>executoribus</strong></span> <span class='ocrx_word' id='word_1_127' title='bbox 1617 1047 1657 1080; x_wconf 83' lang='lat' dir='ltr'><strong>in</strong></span> <span class='ocrx_word' id='word_1_128' title='bbox 1690 1045 1783 1080; x_wconf 78' lang='lat' dir='ltr'><strong>diem</strong></span> 
     </span>
     <span class='ocr_line' id='line_1_16' title="bbox 294 1095 1783 1144; baseline -0.003 -11"><span class='ocrx_word' id='word_1_129' title='bbox 294 1101 518 1144; x_wconf 68' lang='lat' dir='ltr'><strong>trigesimum,</strong></span> <span class='ocrx_word' id='word_1_130' title='bbox 545 1111 611 1142; x_wconf 86' lang='lat' dir='ltr'><strong>quo</strong></span> <span class='ocrx_word' id='word_1_131' title='bbox 639 1100 734 1133; x_wconf 84' lang='lat' dir='ltr'><strong>locus</strong></span> <span class='ocrx_word' id='word_1_132' title='bbox 759 1097 1021 1132; x_wconf 69' lang='lat' dir='ltr'><strong>misericordiae</strong></span> <span class='ocrx_word' id='word_1_133' title='bbox 1047 1099 1112 1139; x_wconf 80' lang='lat' dir='ltr'><strong>vel,</strong></span> <span class='ocrx_word' id='word_1_134' title='bbox 1140 1098 1172 1130; x_wconf 88' lang='lat' dir='ltr'><strong>si</strong></span> <span class='ocrx_word' id='word_1_135' title='bbox 1195 1109 1250 1131; x_wconf 89' lang='lat' dir='ltr'><strong>res</strong></span> <span class='ocrx_word' id='word_1_136' title='bbox 1278 1096 1425 1138; x_wconf 85' lang='lat' dir='ltr'><strong>tulisset,</strong></span> <span class='ocrx_word' id='word_1_137' title='bbox 1447 1095 1686 1139; x_wconf 72' lang='lat' dir='ltr'><strong>poenitentiae</strong></span> <span class='ocrx_word' id='word_1_138' title='bbox 1710 1106 1783 1128; x_wconf 82' lang='lat' dir='ltr'><strong>non</strong></span> 
     </span>
     <span class='ocr_line' id='line_1_17' title="bbox 292 1144 1781 1192; baseline -0.003 -10"><span class='ocrx_word' id='word_1_139' title='bbox 292 1149 434 1192; x_wconf 85' lang='lat' dir='ltr'><strong>periret.</strong></span> <span class='ocrx_word' id='word_1_140' title='bbox 471 1148 598 1181; x_wconf 84' lang='lat' dir='ltr'><strong>Paruit</strong></span> <span class='ocrx_word' id='word_1_141' title='bbox 623 1148 813 1191; x_wconf 79' lang='lat' dir='ltr'><strong>imperator</strong></span> <span class='ocrx_word' id='word_1_142' title='bbox 845 1147 1060 1181; x_wconf 74' lang='lat' dir='ltr'><strong>Theodosius</strong></span> <span class='ocrx_word' id='word_1_143' title='bbox 1087 1152 1118 1180; x_wconf 86' lang='lat' dir='ltr'><strong>et</strong></span> <span class='ocrx_word' id='word_1_144' title='bbox 1143 1145 1324 1179; x_wconf 84' lang='lat' dir='ltr'><strong>vinculum</strong></span> <span class='ocrx_word' id='word_1_145' title='bbox 1349 1146 1423 1179; x_wconf 88' lang='lat' dir='ltr'><strong>eius</strong></span> <span class='ocrx_word' id='word_1_146' title='bbox 1444 1144 1547 1178; x_wconf 80' lang='lat' dir='ltr'><strong>solvit</strong></span> <span class='ocrx_word' id='word_1_147' title='bbox 1563 1144 1781 1178; x_wconf 82' lang='lat' dir='ltr'><strong>Ambrosius.</strong></span> 
     </span>
     <span class='ocr_line' id='line_1_18' title="bbox 296 1193 1783 1240; baseline -0.003 -9"><span class='ocrx_word' id='word_1_148' title='bbox 296 1198 368 1238; x_wconf 78' lang='lat' dir='ltr'><strong>Qui</strong></span> <span class='ocrx_word' id='word_1_149' title='bbox 384 1198 488 1231; x_wconf 89' lang='lat' dir='ltr'><strong>etiam</strong></span> <span class='ocrx_word' id='word_1_150' title='bbox 506 1198 658 1231; x_wconf 88' lang='lat' dir='ltr'><strong>locorum</strong></span> <span class='ocrx_word' id='word_1_151' title='bbox 676 1196 910 1240; x_wconf 79' lang='lat' dir='ltr'><strong>differentiam</strong></span> <span class='ocrx_word' id='word_1_152' title='bbox 928 1195 966 1228; x_wconf 85' lang='lat' dir='ltr'><strong>in</strong></span> <span class='ocrx_word' id='word_1_153' title='bbox 985 1195 1129 1229; x_wconf 85' lang='lat' dir='ltr'><strong>ecclesia</strong></span> <span class='ocrx_word' id='word_1_154' title='bbox 1147 1201 1229 1228; x_wconf 86' lang='lat' dir='ltr'><strong>tunc</strong></span> <span class='ocrx_word' id='word_1_155' title='bbox 1247 1194 1377 1236; x_wconf 80' lang='lat' dir='ltr'><strong>docuit,</strong></span> <span class='ocrx_word' id='word_1_156' title='bbox 1392 1193 1535 1237; x_wconf 78' lang='lat' dir='ltr'><strong>quamdo</strong></span> <span class='ocrx_word' id='word_1_157' title='bbox 1549 1193 1660 1227; x_wconf 80' lang='lat' dir='ltr'><strong>eidem</strong></span> <span class='ocrx_word' id='word_1_158' title='bbox 1676 1193 1783 1236; x_wconf 88' lang='lat' dir='ltr'><strong>impe-</strong></span> 
     </span>
     <span class='ocr_line' id='line_1_19' title="bbox 293 1242 1784 1289; baseline -0.003 -10"><span class='ocrx_word' id='word_1_159' title='bbox 293 1247 407 1280; x_wconf 87' lang='lat' dir='ltr'><strong>ratori</strong></span> <span class='ocrx_word' id='word_1_160' title='bbox 424 1252 507 1289; x_wconf 86' lang='lat' dir='ltr'><strong>post</strong></span> <span class='ocrx_word' id='word_1_161' title='bbox 524 1246 677 1279; x_wconf 85' lang='lat' dir='ltr'><strong>oblatum</strong></span> <span class='ocrx_word' id='word_1_162' title='bbox 703 1257 832 1279; x_wconf 86' lang='lat' dir='ltr'><strong>munus</strong></span> <span class='ocrx_word' id='word_1_163' title='bbox 859 1245 908 1278; x_wconf 89' lang='lat' dir='ltr'><strong>ad</strong></span> <span class='ocrx_word' id='word_1_164' title='bbox 933 1245 1057 1285; x_wconf 84' lang='lat' dir='ltr'><strong>altare,</strong></span> <span class='ocrx_word' id='word_1_165' title='bbox 1083 1245 1187 1277; x_wconf 77' lang='lat' dir='ltr'><strong>iuxta</strong></span> <span class='ocrx_word' id='word_1_166' title='bbox 1211 1243 1305 1287; x_wconf 85' lang='lat' dir='ltr'><strong>quod</strong></span> <span class='ocrx_word' id='word_1_167' title='bbox 1330 1242 1369 1276; x_wconf 83' lang='lat' dir='ltr'><strong>in</strong></span> <span class='ocrx_word' id='word_1_168' title='bbox 1396 1242 1784 1285; x_wconf 77' lang='lat' dir='ltr'><strong>Constantinopolitana</strong></span> 
     </span>
     <span class='ocr_line' id='line_1_20' title="bbox 295 1292 1783 1338; baseline -0.003 -10"><span class='ocrx_word' id='word_1_169' title='bbox 295 1295 440 1329; x_wconf 85' lang='lat' dir='ltr'><strong>ecclesia</strong></span> <span class='ocrx_word' id='word_1_170' title='bbox 474 1295 597 1328; x_wconf 81' lang='lat' dir='ltr'><strong>solitus</strong></span> <span class='ocrx_word' id='word_1_171' title='bbox 639 1298 714 1327; x_wconf 83' lang='lat' dir='ltr'><strong>erat</strong></span> <span class='ocrx_word' id='word_1_172' title='bbox 754 1305 868 1338; x_wconf 76' lang='lat' dir='ltr'><strong>ayere,</strong></span> <span class='ocrx_word' id='word_1_173' title='bbox 913 1292 1109 1333; x_wconf 68' lang='lat' dir='ltr'><strong>sustinenti,</strong></span> <span class='ocrx_word' id='word_1_174' title='bbox 1151 1293 1248 1325; x_wconf 83' lang='lat' dir='ltr'><strong>intra</strong></span> <span class='ocrx_word' id='word_1_175' title='bbox 1287 1292 1457 1325; x_wconf 69' lang='lat' dir='ltr'><strong>cancellos</strong></span> <span class='ocrx_word' id='word_1_176' title='bbox 1491 1302 1674 1325; x_wconf 88' lang='lat' dir='ltr'><strong>sacrorum</strong></span> <span class='ocrx_word' id='word_1_177' title='bbox 1700 1301 1783 1334; x_wconf 85' lang='lat' dir='ltr'><strong>per-</strong></span> 
     </span>
     <span class='ocr_line' id='line_1_21' title="bbox 296 1340 1784 1387; baseline -0.003 -10"><span class='ocrx_word' id='word_1_178' title='bbox 296 1344 485 1387; x_wconf 77' lang='lat' dir='ltr'><strong>ceptionem</strong></span> <span class='ocrx_word' id='word_1_179' title='bbox 519 1342 764 1387; x_wconf 75' lang='lat' dir='ltr'><strong>mysteriorum</strong></span> <span class='ocrx_word' id='word_1_180' title='bbox 797 1342 1019 1375; x_wconf 77' lang='lat' dir='ltr'><strong>remandavit</strong></span> <span class='ocrx_word' id='word_1_181' title='bbox 1051 1353 1122 1384; x_wconf 84' lang='lat' dir='ltr'><strong>per</strong></span> <span class='ocrx_word' id='word_1_182' title='bbox 1158 1341 1459 1374; x_wconf 78' lang='lat' dir='ltr'><strong>archidiaconum.</strong></span> <span class='ocrx_word' id='word_1_183' title='bbox 1515 1340 1544 1373; x_wconf 85' lang='lat'><em>0</em></span> <span class='ocrx_word' id='word_1_184' title='bbox 1580 1340 1784 1383; x_wconf 83' lang='lat' dir='ltr'><strong>imperator,</strong></span> 
     </span>
     <span class='ocr_line' id='line_1_22' title="bbox 296 1386 1788 1434; baseline -0.003 -8"><span class='ocrx_word' id='word_1_185' title='bbox 296 1393 468 1426; x_wconf 87' lang='lat' dir='ltr'><strong>interiora</strong></span> <span class='ocrx_word' id='word_1_186' title='bbox 493 1393 570 1426; x_wconf 86' lang='lat' dir='ltr'><strong>loca</strong></span> <span class='ocrx_word' id='word_1_187' title='bbox 596 1397 733 1425; x_wconf 88' lang='lat' dir='ltr'><strong>tantum</strong></span> <span class='ocrx_word' id='word_1_188' title='bbox 757 1390 997 1425; x_wconf 78' lang='lat' dir='ltr'><strong>sacerdotibus</strong></span> <span class='ocrx_word' id='word_1_189' title='bbox 1022 1396 1104 1423; x_wconf 87' lang='lat' dir='ltr'><strong>sunt</strong></span> <span class='ocrx_word' id='word_1_190' title='bbox 1130 1390 1270 1431; x_wconf 87' lang='lat' dir='ltr'><strong>collata,</strong></span> <span class='ocrx_word' id='word_1_191' title='bbox 1297 1400 1388 1433; x_wconf 88' lang='lat' dir='ltr'><strong>quae</strong></span> <span class='ocrx_word' id='word_1_192' title='bbox 1418 1388 1521 1423; x_wconf 81' lang='lat' dir='ltr'><strong>ceteri</strong></span> <span class='ocrx_word' id='word_1_193' title='bbox 1552 1400 1616 1422; x_wconf 82' lang='lat' dir='ltr'><strong>nec</strong></span> <span class='ocrx_word' id='word_1_194' title='bbox 1646 1386 1788 1434; x_wconf 66' lang='lat' dir='ltr'><strong>ingredi</strong></span> 
     </span>
     <span class='ocr_line' id='line_1_23' title="bbox 297 1438 1786 1485; baseline -0.003 -10"><span class='ocrx_word' id='word_1_195' title='bbox 297 1453 359 1476; x_wconf 81' lang='lat' dir='ltr'><strong>nec</strong></span> <span class='ocrx_word' id='word_1_196' title='bbox 397 1442 593 1485; x_wconf 66' lang='lat' dir='ltr'><strong>contingere</strong></span> <span class='ocrx_word' id='word_1_197' title='bbox 623 1439 898 1484; x_wconf 79' lang='lat' dir='ltr'><strong>permittuntur5</strong></span> <span class='ocrx_word' id='word_1_198' title='bbox 926 1450 1094 1483; x_wconf 74' lang='lat' dir='ltr'><strong>purpura</strong></span> <span class='ocrx_word' id='word_1_199' title='bbox 1130 1450 1282 1482; x_wconf 87' lang='lat' dir='ltr'><strong>namque</strong></span> <span class='ocrx_word' id='word_1_200' title='bbox 1319 1438 1547 1481; x_wconf 82' lang='lat' dir='ltr'><strong>imperatores</strong></span> <span class='ocrx_word' id='word_1_201' title='bbox 1567 1438 1675 1481; x_wconf 82' lang='lat' dir='ltr'><strong>facit,</strong></span> <span class='ocrx_word' id='word_1_202' title='bbox 1714 1448 1786 1471; x_wconf 87' lang='lat' dir='ltr'><strong>non</strong></span> 
     </span>
     <span class='ocr_line' id='line_1_24' title="bbox 296 1486 1787 1532; baseline -0.003 -8"><span class='ocrx_word' id='word_1_203' title='bbox 296 1491 506 1524; x_wconf 72' lang='lat' dir='ltr'><strong>sacerdotes.</strong></span> <span class='ocrx_word' id='word_1_204' title='bbox 556 1490 605 1522; x_wconf 84' lang='lat' dir='ltr'><strong>Et</strong></span> <span class='ocrx_word' id='word_1_205' title='bbox 637 1490 674 1523; x_wconf 89' lang='lat' dir='ltr'><strong>in</strong></span> <span class='ocrx_word' id='word_1_206' title='bbox 708 1490 771 1523; x_wconf 74' lang='lat' dir='ltr'><strong>hoc</strong></span> <span class='ocrx_word' id='word_1_207' title='bbox 792 1500 927 1532; x_wconf 86' lang='lat' dir='ltr'><strong>quoque</strong></span> <span class='ocrx_word' id='word_1_208' title='bbox 951 1499 1032 1521; x_wconf 71' lang='lat' dir='ltr'><strong>mom</strong></span> <span class='ocrx_word' id='word_1_209' title='bbox 1058 1499 1216 1532; x_wconf 75' lang='lat' dir='ltr'><strong>cyressus</strong></span> <span class='ocrx_word' id='word_1_210' title='bbox 1240 1486 1432 1530; x_wconf 89' lang='lat' dir='ltr'><strong>imperator</strong></span> <span class='ocrx_word' id='word_1_211' title='bbox 1451 1487 1578 1529; x_wconf 85' lang='lat' dir='ltr'><strong>paruit</strong></span> <span class='ocrx_word' id='word_1_212' title='bbox 1603 1486 1787 1530; x_wconf 71' lang='lat' dir='ltr'><strong>ipsamque</strong></span> 
     </span>
     <span class='ocr_line' id='line_1_25' title="bbox 298 1535 1785 1581; baseline -0.004 -8"><span class='ocrx_word' id='word_1_213' title='bbox 298 1550 511 1573; x_wconf 84' lang='lat' dir='ltr'><strong>communem</strong></span> <span class='ocrx_word' id='word_1_214' title='bbox 537 1550 614 1572; x_wconf 86' lang='lat' dir='ltr'><strong>cum</strong></span> <span class='ocrx_word' id='word_1_215' title='bbox 633 1539 754 1572; x_wconf 88' lang='lat' dir='ltr'><strong>ceteris</strong></span> <span class='ocrx_word' id='word_1_216' title='bbox 771 1537 1062 1581; x_wconf 75' lang='lat' dir='ltr'><strong>eoespectationem</strong></span> <span class='ocrx_word' id='word_1_217' title='bbox 1087 1537 1249 1579; x_wconf 73' lang='lat' dir='ltr'><strong>deinceps</strong></span> <span class='ocrx_word' id='word_1_218' title='bbox 1275 1536 1429 1570; x_wconf 82' lang='lat' dir='ltr'><strong>servavit</strong></span> <span class='ocrx_word' id='word_1_219' title='bbox 1453 1535 1643 1570; x_wconf 85' lang='lat' dir='ltr'><strong>admodum</strong></span> <span class='ocrx_word' id='word_1_220' title='bbox 1660 1535 1785 1575; x_wconf 81' lang='lat' dir='ltr'><strong>laetus,</strong></span> 
     </span>
     <span class='ocr_line' id='line_1_26' title="bbox 299 1583 1786 1631; baseline -0.003 -10"><span class='ocrx_word' id='word_1_221' title='bbox 299 1594 417 1631; x_wconf 80' lang='lat' dir='ltr'><strong>utpote</strong></span> <span class='ocrx_word' id='word_1_222' title='bbox 443 1588 615 1622; x_wconf 83' lang='lat' dir='ltr'><strong>enutritus</strong></span> <span class='ocrx_word' id='word_1_223' title='bbox 641 1587 772 1620; x_wconf 85' lang='lat' dir='ltr'><strong>divinis</strong></span> <span class='ocrx_word' id='word_1_224' title='bbox 798 1586 1075 1625; x_wconf 78' lang='lat' dir='ltr'><strong>eruditionibus,·</strong></span> <span class='ocrx_word' id='word_1_225' title='bbox 1110 1586 1204 1629; x_wconf 84' lang='lat' dir='ltr'><strong>quod</strong></span> <span class='ocrx_word' id='word_1_226' title='bbox 1235 1585 1296 1618; x_wconf 75' lang='lat' dir='ltr'><strong>vix</strong></span> <span class='ocrx_word' id='word_1_227' title='bbox 1329 1585 1481 1626; x_wconf 86' lang='lat' dir='ltr'><strong>tandem,</strong></span> <span class='ocrx_word' id='word_1_228' title='bbox 1507 1584 1598 1618; x_wconf 84' lang='lat' dir='ltr'><strong>sicut</strong></span> <span class='ocrx_word' id='word_1_229' title='bbox 1622 1583 1696 1627; x_wconf 85' lang='lat' dir='ltr'><strong>ipse</strong></span> <span class='ocrx_word' id='word_1_230' title='bbox 1725 1583 1786 1624; x_wconf 83' lang='lat' dir='ltr'><strong>ait,</strong></span> 
     </span>
     <span class='ocr_line' id='line_1_27' title="bbox 299 1631 1788 1680; baseline -0.003 -10"><span class='ocrx_word' id='word_1_231' title='bbox 299 1637 432 1670; x_wconf 76' lang='lat' dir='ltr'><strong>discere</strong></span> <span class='ocrx_word' id='word_1_232' title='bbox 470 1637 502 1670; x_wconf 91' lang='lat' dir='ltr'><strong>ei</strong></span> <span class='ocrx_word' id='word_1_233' title='bbox 536 1634 727 1680; x_wconf 65' lang='lat' dir='ltr'><strong>contigerit,</strong></span> <span class='ocrx_word' id='word_1_234' title='bbox 766 1646 856 1678; x_wconf 88' lang='lat' dir='ltr'><strong>quae</strong></span> <span class='ocrx_word' id='word_1_235' title='bbox 894 1633 1096 1678; x_wconf 77' lang='lat' dir='ltr'><strong>differentia</strong></span> <span class='ocrx_word' id='word_1_236' title='bbox 1128 1634 1173 1667; x_wconf 84' lang='lat' dir='ltr'><strong>sit</strong></span> <span class='ocrx_word' id='word_1_237' title='bbox 1203 1633 1427 1677; x_wconf 82' lang='lat' dir='ltr'><strong>imperatoris</strong></span> <span class='ocrx_word' id='word_1_238' title='bbox 1461 1639 1493 1667; x_wconf 86' lang='lat' dir='ltr'><strong>et</strong></span> <span class='ocrx_word' id='word_1_239' title='bbox 1517 1631 1720 1674; x_wconf 80' lang='lat' dir='ltr'><strong>sacerdotis,</strong></span> <span class='ocrx_word' id='word_1_240' title='bbox 1757 1636 1788 1665; x_wconf 81' lang='lat' dir='ltr'><strong>et</strong></span> 
     </span>
     <span class='ocr_line' id='line_1_28' title="bbox 298 1676 1789 1735; baseline -0.004 -11"><span class='ocrx_word' id='word_1_241' title='bbox 298 1692 394 1735; x_wconf 86' lang='lat' dir='ltr'><strong>quod</strong></span> <span class='ocrx_word' id='word_1_242' title='bbox 420 1690 480 1724; x_wconf 74' lang='lat' dir='ltr'><strong>vix</strong></span> <span class='ocrx_word' id='word_1_243' title='bbox 504 1691 577 1723; x_wconf 87' lang='lat' dir='ltr'><strong>iam</strong></span> <span class='ocrx_word' id='word_1_244' title='bbox 601 1691 775 1724; x_wconf 82' lang='lat' dir='ltr'><strong>invenerit</strong></span> <span class='ocrx_word' id='word_1_245' title='bbox 799 1689 1004 1734; x_wconf 74' lang='lat' dir='ltr'><strong>maqistrum</strong></span> <span class='ocrx_word' id='word_1_246' title='bbox 1034 1688 1204 1722; x_wconf 85' lang='lat' dir='ltr'><strong>veritatis.</strong></span> <span class='ocrx_word' id='word_1_247' title='bbox 1256 1678 1372 1720; x_wconf 74' lang='lat' dir='ltr'><strong>Ecce</strong></span> <span class='ocrx_word' id='word_1_248' title='bbox 1397 1676 1470 1719; x_wconf 75' lang='lat' dir='ltr'><strong>illa</strong></span> <span class='ocrx_word' id='word_1_249' title='bbox 1498 1677 1789 1720; x_wconf 79' lang='lat' dir='ltr'><strong>excommuni-</strong></span> 
     </span>
     <span class='ocr_line' id='line_1_29' title="bbox 299 1732 1789 1792; baseline -0.003 -14"><span class='ocrx_word' id='word_1_250' title='bbox 299 1737 424 1789; x_wconf 84' lang='lat' dir='ltr'><strong>catio,</strong></span> <span class='ocrx_word' id='word_1_251' title='bbox 455 1750 583 1792; x_wconf 88' lang='lat' dir='ltr'><strong>quam</strong></span> <span class='ocrx_word' id='word_1_252' title='bbox 612 1734 727 1777; x_wconf 86' lang='lat' dir='ltr'><strong>utilis</strong></span> <span class='ocrx_word' id='word_1_253' title='bbox 750 1741 841 1776; x_wconf 88' lang='lat' dir='ltr'><strong>erat</strong></span> <span class='ocrx_word' id='word_1_254' title='bbox 861 1733 1066 1777; x_wconf 90' lang='lat' dir='ltr'><strong>ecclesiae</strong></span> <span class='ocrx_word' id='word_1_255' title='bbox 1119 1735 1245 1776; x_wconf 85' lang='lat' dir='ltr'><strong>ariter</strong></span> <span class='ocrx_word' id='word_1_256' title='bbox 1273 1740 1400 1790; x_wconf 89' lang='lat' dir='ltr'><strong>atque</strong></span> <span class='ocrx_word' id='word_1_257' title='bbox 1428 1734 1515 1790; x_wconf 89' lang='lat' dir='ltr'><strong>ipsi</strong></span> <span class='ocrx_word' id='word_1_258' title='bbox 1542 1732 1789 1790; x_wconf 85' lang='lat' dir='ltr'><strong>imperatori</strong></span> 
     </span>
     <span class='ocr_line' id='line_1_30' title="bbox 299 1788 1854 1854; baseline -0.001 -21"><span class='ocrx_word' id='word_1_259' title='bbox 299 1791 556 1845; x_wconf 84' lang='lat' dir='ltr'><strong>Theodosio,</strong></span> <span class='ocrx_word' id='word_1_260' title='bbox 594 1805 703 1847; x_wconf 89' lang='lat' dir='ltr'><strong>quae</strong></span> <span class='ocrx_word' id='word_1_261' title='bbox 742 1804 855 1832; x_wconf 91' lang='lat' dir='ltr'><strong>nunc</strong></span> <span class='ocrx_word' id='word_1_262' title='bbox 890 1791 935 1832; x_wconf 89' lang='lat' dir='ltr'><strong>in</strong></span> <span class='ocrx_word' id='word_1_263' title='bbox 971 1805 1034 1843; x_wconf 92' lang='lat' dir='ltr'><strong>ea,</strong></span> <span class='ocrx_word' id='word_1_264' title='bbox 1105 1804 1127 1830; x_wconf 90' lang='lat' dir='ltr'><strong>e</strong></span> <span class='ocrx_word' id='word_1_265' title='bbox 1159 1803 1244 1846; x_wconf 92' lang='lat' dir='ltr'><strong>qua</strong></span> <span class='ocrx_word' id='word_1_266' title='bbox 1272 1792 1426 1845; x_wconf 87' lang='lat' dir='ltr'><strong>agitur,</strong></span> <span class='ocrx_word' id='word_1_267' title='bbox 1456 1790 1666 1846; x_wconf 88' lang='lat' dir='ltr'><strong>scriptura</strong></span> <span class='ocrx_word' id='word_1_268' title='bbox 1693 1802 1789 1854; x_wconf 84' lang='lat' dir='ltr'><strong>pro·</strong></span> <span class='ocrx_word' id='word_1_269' title='bbox 1851 1788 1854 1791; x_wconf 71' lang='grc'>’</span> 
     </span>
     <span class='ocr_line' id='line_1_31' title="bbox 299 1844 1789 1903; baseline -0.003 -13"><span class='ocrx_word' id='word_1_270' title='bbox 299 1847 429 1890; x_wconf 89' lang='lat' dir='ltr'><strong>dendi</strong></span> <span class='ocrx_word' id='word_1_271' title='bbox 465 1847 674 1890; x_wconf 82' lang='lat' dir='ltr'><strong>scismatis</strong></span> <span class='ocrx_word' id='word_1_272' title='bbox 713 1847 885 1903; x_wconf 89' lang='lat' dir='ltr'><strong>ponitur</strong></span> <span class='ocrx_word' id='word_1_273' title='bbox 921 1844 1132 1902; x_wconf 82' lang='lat' dir='ltr'><strong>exemplo,</strong></span> <span class='ocrx_word' id='word_1_274' title='bbox 1170 1860 1254 1902; x_wconf 88' lang='lat' dir='ltr'><strong>quo</strong></span> <span class='ocrx_word' id='word_1_275' title='bbox 1285 1852 1536 1902; x_wconf 81' lang='lat' dir='ltr'><strong>separentur</strong></span> <span class='ocrx_word' id='word_1_276' title='bbox 1571 1846 1789 1902; x_wconf 82' lang='lat' dir='ltr'><strong>princlpes</strong></span> 
     </span>
     <span class='ocr_line' id='line_1_32' title="bbox 299 1898 1791 1959; baseline -0.002 -14"><span class='ocrx_word' id='word_1_277' title='bbox 299 1903 369 1946; x_wconf 88' lang='lat' dir='ltr'><strong>vel</strong></span> <span class='ocrx_word' id='word_1_278' title='bbox 404 1903 559 1945; x_wconf 85' lang='lat' dir='ltr'><strong>milites</strong></span> <span class='ocrx_word' id='word_1_279' title='bbox 594 1903 656 1945; x_wconf 92' lang='lat' dir='ltr'><strong>rei</strong></span> <span class='ocrx_word' id='word_1_280' title='bbox 687 1902 883 1959; x_wconf 89' lang='lat' dir='ltr'><strong>publicae</strong></span> <span class='ocrx_word' id='word_1_281' title='bbox 919 1901 972 1944; x_wconf 92' lang='lat' dir='ltr'><strong>ab</strong></span> <span class='ocrx_word' id='word_1_282' title='bbox 1009 1902 1277 1957; x_wconf 86' lang='lat' dir='ltr'><strong>imperatoris</strong></span> <span class='ocrx_word' id='word_1_283' title='bbox 1314 1902 1380 1943; x_wconf 91' lang='lat' dir='ltr'><strong>sui</strong></span> <span class='ocrx_word' id='word_1_284' title='bbox 1416 1898 1627 1944; x_wconf 87' lang='lat' dir='ltr'><strong>consortio</strong></span> <span class='ocrx_word' id='word_1_285' title='bbox 1665 1899 1791 1943; x_wconf 89' lang='lat' dir='ltr'><strong>simul</strong></span> 
     </span>
     <span class='ocr_line' id='line_1_33' title="bbox 301 1956 1792 2016; baseline -0.003 -14"><span class='ocrx_word' id='word_1_286' title='bbox 301 1966 344 2002; x_wconf 89' lang='lat' dir='ltr'><strong>et</strong></span> <span class='ocrx_word' id='word_1_287' title='bbox 373 1959 593 2016; x_wconf 90' lang='lat' dir='ltr'><strong>obsequio.</strong></span> <span class='ocrx_word' id='word_1_288' title='bbox 633 1958 781 2015; x_wconf 86' lang='lat' dir='ltr'><strong>Neque</strong></span> <span class='ocrx_word' id='word_1_289' title='bbox 803 1959 917 2000; x_wconf 91' lang='lat' dir='ltr'><strong>enim</strong></span> <span class='ocrx_word' id='word_1_290' title='bbox 945 1956 1028 1999; x_wconf 87' lang='lat' dir='ltr'><strong>tale</strong></span> <span class='ocrx_word' id='word_1_291' title='bbox 1058 1957 1220 2014; x_wconf 86' lang='lat' dir='ltr'><strong>aliquid</strong></span> <span class='ocrx_word' id='word_1_292' title='bbox 1245 1963 1528 2013; x_wconf 87' lang='lat' dir='ltr'><strong>temptaverat</strong></span> <span class='ocrx_word' id='word_1_293' title='bbox 1555 1956 1625 2000; x_wconf 89' lang='lat' dir='ltr'><strong>ille</strong></span> <span class='ocrx_word' id='word_1_294' title='bbox 1644 1971 1792 1999; x_wconf 87' lang='lat' dir='ltr'><strong>murus</strong></span> 
     </span>
     <span class='ocr_line' id='line_1_34' title="bbox 300 2012 1792 2070; baseline -0.002 -12"><span class='ocrx_word' id='word_1_295' title='bbox 300 2022 344 2058; x_wconf 87' lang='lat' dir='ltr'><strong>et</strong></span> <span class='ocrx_word' id='word_1_296' title='bbox 373 2016 499 2058; x_wconf 88' lang='lat' dir='ltr'><strong>turris</strong></span> <span class='ocrx_word' id='word_1_297' title='bbox 528 2014 793 2057; x_wconf 84' lang='lat' dir='ltr'><strong>validissima</strong></span> <span class='ocrx_word' id='word_1_298' title='bbox 815 2013 1032 2067; x_wconf 87' lang='lat' dir='ltr'><strong>ecclesiae,</strong></span> <span class='ocrx_word' id='word_1_299' title='bbox 1062 2013 1330 2068; x_wconf 88' lang='lat' dir='ltr'><strong>Ambrosius,</strong></span> <span class='ocrx_word' id='word_1_300' title='bbox 1361 2013 1531 2070; x_wconf 87' lang='lat' dir='ltr'><strong>quando</strong></span> <span class='ocrx_word' id='word_1_301' title='bbox 1553 2014 1680 2056; x_wconf 89' lang='lat' dir='ltr'><strong>etiam</strong></span> <span class='ocrx_word' id='word_1_302' title='bbox 1701 2012 1792 2070; x_wconf 88' lang='lat' dir='ltr'><strong>pul-</strong></span> 
     </span>
     <span class='ocr_line' id='line_1_35' title="bbox 302 2068 1793 2127; baseline -0.002 -13"><span class='ocrx_word' id='word_1_303' title='bbox 302 2073 475 2114; x_wconf 86' lang='lat' dir='ltr'><strong>sabatur</strong></span> <span class='ocrx_word' id='word_1_304' title='bbox 510 2086 587 2127; x_wconf 89' lang='lat' dir='ltr'><strong>pro</strong></span> <span class='ocrx_word' id='word_1_305' title='bbox 626 2070 766 2112; x_wconf 89' lang='lat' dir='ltr'><strong>studio</strong></span> <span class='ocrx_word' id='word_1_306' title='bbox 805 2069 1086 2112; x_wconf 89' lang='lat' dir='ltr'><strong>hereticorum</strong></span> <span class='ocrx_word' id='word_1_307' title='bbox 1121 2068 1408 2112; x_wconf 89' lang='lat' dir='ltr'><strong>Valentiniani</strong></span> <span class='ocrx_word' id='word_1_308' title='bbox 1443 2069 1711 2126; x_wconf 86' lang='lat' dir='ltr'><strong>imperatoris</strong></span> <span class='ocrx_word' id='word_1_309' title='bbox 1750 2074 1793 2111; x_wconf 88' lang='lat' dir='ltr'><strong>et</strong></span> 
     </span>
     <span class='ocr_line' id='line_1_36' title="bbox 303 2125 1793 2182; baseline -0.002 -13"><span class='ocrx_word' id='word_1_310' title='bbox 303 2128 449 2170; x_wconf 89' lang='lat' dir='ltr'><strong>matris</strong></span> <span class='ocrx_word' id='word_1_311' title='bbox 486 2128 575 2169; x_wconf 89' lang='lat' dir='ltr'><strong>eius</strong></span> <span class='ocrx_word' id='word_1_312' title='bbox 606 2127 794 2169; x_wconf 88' lang='lat' dir='ltr'><strong>Iustinae</strong></span> <span class='ocrx_word' id='word_1_313' title='bbox 823 2126 949 2168; x_wconf 91' lang='lat' dir='ltr'><strong>minis</strong></span> <span class='ocrx_word' id='word_1_314' title='bbox 978 2133 1107 2182; x_wconf 88' lang='lat' dir='ltr'><strong>atque</strong></span> <span class='ocrx_word' id='word_1_315' title='bbox 1137 2125 1398 2172; x_wconf 85' lang='lat' dir='ltr'><strong>verberibus,</strong></span> <span class='ocrx_word' id='word_1_316' title='bbox 1457 2125 1584 2168; x_wconf 89' lang='lat' dir='ltr'><strong>Unde</strong></span> <span class='ocrx_word' id='word_1_317' title='bbox 1613 2132 1656 2168; x_wconf 89' lang='lat' dir='ltr'><strong>et</strong></span> <span class='ocrx_word' id='word_1_318' title='bbox 1682 2125 1793 2168; x_wconf 89' lang='lat' dir='ltr'><strong>inter</strong></span> 
     </span>
     <span class='ocr_line' id='line_1_37' title="bbox 301 2181 1793 2238; baseline -0.001 -13"><span class='ocrx_word' id='word_1_319' title='bbox 301 2183 387 2226; x_wconf 90' lang='lat' dir='ltr'><strong>alia</strong></span> <span class='ocrx_word' id='word_1_320' title='bbox 415 2184 623 2225; x_wconf 87' lang='lat' dir='ltr'><strong>virtutum</strong></span> <span class='ocrx_word' id='word_1_321' title='bbox 653 2197 824 2224; x_wconf 88' lang='lat' dir='ltr'><strong>suarum</strong></span> <span class='ocrx_word' id='word_1_322' title='bbox 854 2182 1040 2238; x_wconf 86' lang='lat' dir='ltr'><strong>insignia</strong></span> <span class='ocrx_word' id='word_1_323' title='bbox 1068 2181 1257 2238; x_wconf 89' lang='lat' dir='ltr'><strong>loquitur</strong></span> <span class='ocrx_word' id='word_1_324' title='bbox 1296 2181 1348 2224; x_wconf 88' lang='lat' dir='ltr'><strong>de</strong></span> <span class='ocrx_word' id='word_1_325' title='bbox 1385 2196 1435 2224; x_wconf 90' lang='lat' dir='ltr'><strong>eo</strong></span> <span class='ocrx_word' id='word_1_326' title='bbox 1476 2181 1606 2237; x_wconf 87' lang='lat' dir='ltr'><strong>digna</strong></span> <span class='ocrx_word' id='word_1_327' title='bbox 1635 2195 1793 2224; x_wconf 89' lang='lat' dir='ltr'><strong>memo·</strong></span> 
     </span>
     <span class='ocr_line' id='line_1_38' title="bbox 303 2239 1793 2295; baseline -0.001 -14"><span class='ocrx_word' id='word_1_328' title='bbox 303 2241 392 2281; x_wconf 80' lang='lat' dir='ltr'><strong>riae</strong></span> <span class='ocrx_word' id='word_1_329' title='bbox 414 2240 670 2295; x_wconf 74' lang='lat' dir='ltr'><strong>scriptura²t</strong></span> <span class='ocrx_word' id='word_1_330' title='bbox 701 2249 942 2290; x_wconf 85' lang='lat' dir='ltr'><strong>Venerandus,</strong></span> <span class='ocrx_word' id='word_1_331' title='bbox 963 2239 1173 2294; x_wconf 79' lang='lat' dir='ltr'><strong>inquiens,</strong></span> <span class='ocrx_word' id='word_1_332' title='bbox 1194 2246 1398 2281; x_wconf 84' lang='lat' dir='ltr'><strong>Ambrosius</strong></span> <span class='ocrx_word' id='word_1_333' title='bbox 1414 2259 1484 2290; x_wconf 89' lang='lat' dir='ltr'><strong>pro</strong></span> <span class='ocrx_word' id='word_1_334' title='bbox 1503 2245 1694 2281; x_wconf 76' lang='lat' dir='ltr'><strong>catholicae</strong></span> <span class='ocrx_word' id='word_1_335' title='bbox 1710 2245 1793 2286; x_wconf 78' lang='lat' dir='ltr'><strong>fidei</strong></span> 
     </span>
     <span class='ocr_line' id='line_1_39' title="bbox 304 2294 1793 2340; baseline -0.003 -8"><span class='ocrx_word' id='word_1_336' title='bbox 304 2300 450 2340; x_wconf 86' lang='lat' dir='ltr'><strong>unitate,</strong></span> <span class='ocrx_word' id='word_1_337' title='bbox 485 2310 557 2332; x_wconf 86' lang='lat' dir='ltr'><strong>non</strong></span> <span class='ocrx_word' id='word_1_338' title='bbox 594 2310 672 2331; x_wconf 84' lang='lat' dir='ltr'><strong>cum</strong></span> <span class='ocrx_word' id='word_1_339' title='bbox 703 2298 833 2337; x_wconf 86' lang='lat' dir='ltr'><strong>ceteris,</strong></span> <span class='ocrx_word' id='word_1_340' title='bbox 869 2298 931 2330; x_wconf 88' lang='lat' dir='ltr'><strong>sed</strong></span> <span class='ocrx_word' id='word_1_341' title='bbox 957 2309 1028 2340; x_wconf 86' lang='lat' dir='ltr'><strong>pro</strong></span> <span class='ocrx_word' id='word_1_342' title='bbox 1066 2297 1185 2331; x_wconf 82' lang='lat' dir='ltr'><strong>ceteris</strong></span> <span class='ocrx_word' id='word_1_343' title='bbox 1211 2296 1301 2329; x_wconf 87' lang='lat' dir='ltr'><strong>mori</strong></span> <span class='ocrx_word' id='word_1_344' title='bbox 1332 2296 1454 2340; x_wconf 75' lang='lat' dir='ltr'><strong>eleyit5</strong></span> <span class='ocrx_word' id='word_1_345' title='bbox 1487 2307 1559 2329; x_wconf 83' lang='lat' dir='ltr'><strong>non</strong></span> <span class='ocrx_word' id='word_1_346' title='bbox 1592 2294 1683 2329; x_wconf 80' lang='lat' dir='ltr'><strong>enim</strong></span> <span class='ocrx_word' id='word_1_347' title='bbox 1715 2306 1793 2329; x_wconf 88' lang='lat' dir='ltr'><strong>cum</strong></span> 
     </span>
     <span class='ocr_line' id='line_1_40' title="bbox 300 2344 1793 2391; baseline -0.003 -10"><span class='ocrx_word' id='word_1_348' title='bbox 300 2348 531 2391; x_wconf 84' lang='lat' dir='ltr'><strong>pereuntibus</strong></span> <span class='ocrx_word' id='word_1_349' title='bbox 552 2347 673 2390; x_wconf 88' lang='lat' dir='ltr'><strong>perire</strong></span> <span class='ocrx_word' id='word_1_350' title='bbox 691 2346 810 2388; x_wconf 84' lang='lat' dir='ltr'><strong>voluit,</strong></span> <span class='ocrx_word' id='word_1_351' title='bbox 835 2346 898 2378; x_wconf 88' lang='lat' dir='ltr'><strong>sed</strong></span> <span class='ocrx_word' id='word_1_352' title='bbox 915 2352 954 2379; x_wconf 87' lang='lat' dir='ltr'><strong>ut</strong></span> <span class='ocrx_word' id='word_1_353' title='bbox 970 2347 1196 2379; x_wconf 75' lang='lat' dir='ltr'><strong>salvarentur</strong></span> <span class='ocrx_word' id='word_1_354' title='bbox 1222 2344 1296 2386; x_wconf 87' lang='lat' dir='ltr'><strong>alii,</strong></span> <span class='ocrx_word' id='word_1_355' title='bbox 1323 2345 1397 2388; x_wconf 85' lang='lat' dir='ltr'><strong>ipse</strong></span> <span class='ocrx_word' id='word_1_356' title='bbox 1422 2356 1458 2378; x_wconf 89' lang='lat' dir='ltr'><strong>se</strong></span> <span class='ocrx_word' id='word_1_357' title='bbox 1472 2345 1633 2388; x_wconf 82' lang='lat' dir='ltr'><strong>periculo</strong></span> <span class='ocrx_word' id='word_1_358' title='bbox 1659 2344 1793 2387; x_wconf 79' lang='lat' dir='ltr'><strong>saepis-</strong></span> 
     </span>
     <span class='ocr_line' id='line_1_41' title="bbox 306 2392 1792 2436; baseline -0.003 -6"><span class='ocrx_word' id='word_1_359' title='bbox 306 2397 390 2430; x_wconf 81' lang='lat' dir='ltr'><strong>sime</strong></span> <span class='ocrx_word' id='word_1_360' title='bbox 429 2397 536 2430; x_wconf 86' lang='lat' dir='ltr'><strong>dedit.</strong></span> <span class='ocrx_word' id='word_1_361' title='bbox 588 2396 636 2429; x_wconf 81' lang='lat' dir='ltr'><strong>Et</strong></span> <span class='ocrx_word' id='word_1_362' title='bbox 669 2407 748 2429; x_wconf 90' lang='lat' dir='ltr'><strong>cum</strong></span> <span class='ocrx_word' id='word_1_363' title='bbox 785 2394 1017 2429; x_wconf 84' lang='lat' dir='ltr'><strong>mandaretur</strong></span> <span class='ocrx_word' id='word_1_364' title='bbox 1056 2395 1088 2428; x_wconf 82' lang='lat' dir='ltr'><strong>ei</strong></span> <span class='ocrx_word' id='word_1_365' title='bbox 1126 2395 1169 2427; x_wconf 82' lang='lat' dir='ltr'><strong>ab</strong></span> <span class='ocrx_word' id='word_1_366' title='bbox 1206 2395 1416 2436; x_wconf 86' lang='lat' dir='ltr'><strong>imperatore</strong></span> <span class='ocrx_word' id='word_1_367' title='bbox 1459 2394 1558 2427; x_wconf 83' lang='lat' dir='ltr'><strong>tradi</strong></span> <span class='ocrx_word' id='word_1_368' title='bbox 1598 2392 1792 2435; x_wconf 79' lang='lat' dir='ltr'><strong>basilicam,</strong></span> 
     </span>
     <span class='ocr_line' id='line_1_42' title="bbox 306 2441 1793 2487; baseline -0.002 -9"><span class='ocrx_word' id='word_1_369' title='bbox 306 2445 506 2487; x_wconf 82' lang='lat' dir='ltr'><strong>respondit.-</strong></span> <span class='ocrx_word' id='word_1_370' title='bbox 533 2445 620 2478; x_wconf 87' lang='lat' dir='ltr'><strong>‘Nec</strong></span> <span class='ocrx_word' id='word_1_371' title='bbox 636 2442 743 2484; x_wconf 58' lang='lat' dir='ltr'><strong>milit,</strong></span> <span class='ocrx_word' id='word_1_372' title='bbox 770 2442 933 2486; x_wconf 83' lang='lat' dir='ltr'><strong>inquiens</strong></span> <span class='ocrx_word' id='word_1_373' title='bbox 943 2444 970 2485; x_wconf 81' lang='lat'><strong>²,</strong></span> <span class='ocrx_word' id='word_1_374' title='bbox 998 2444 1067 2487; x_wconf 85' lang='lat' dir='ltr'><strong>‘fas</strong></span> <span class='ocrx_word' id='word_1_375' title='bbox 1089 2449 1138 2477; x_wconf 83' lang='lat' dir='ltr'><strong>est</strong></span> <span class='ocrx_word' id='word_1_376' title='bbox 1156 2443 1309 2484; x_wconf 87' lang='lat' dir='ltr'><strong>tradere,</strong></span> <span class='ocrx_word' id='word_1_377' title='bbox 1335 2454 1398 2476; x_wconf 83' lang='lat' dir='ltr'><strong>nee</strong></span> <span class='ocrx_word' id='word_1_378' title='bbox 1419 2442 1482 2475; x_wconf 81' lang='lat' dir='ltr'><strong>tibi</strong></span> <span class='ocrx_word' id='word_1_379' title='bbox 1500 2441 1667 2485; x_wconf 84' lang='lat' dir='ltr'><strong>accipere,</strong></span> <span class='ocrx_word' id='word_1_380' title='bbox 1685 2441 1793 2485; x_wconf 87' lang='lat' dir='ltr'><strong>impe-</strong></span> 
     </span>
     <span class='ocr_line' id='line_1_43' title="bbox 306 2487 1794 2536; baseline -0.002 -10"><span class='ocrx_word' id='word_1_381' title='bbox 306 2499 417 2535; x_wconf 88' lang='lat' dir='ltr'><strong>rator,</strong></span> <span class='ocrx_word' id='word_1_382' title='bbox 453 2493 604 2536; x_wconf 72' lang='lat' dir='ltr'><strong>eaepedit,</strong></span> <span class='ocrx_word' id='word_1_383' title='bbox 637 2493 745 2536; x_wconf 76' lang='lat' dir='ltr'><strong>iqitur</strong></span> <span class='ocrx_word' id='word_1_384' title='bbox 778 2492 850 2525; x_wconf 85' lang='lat' dir='ltr'><strong>noli</strong></span> <span class='ocrx_word' id='word_1_385' title='bbox 879 2492 1039 2536; x_wconf 75' lang='lat' dir='ltr'><strong>qravari,</strong></span> <span class='ocrx_word' id='word_1_386' title='bbox 1076 2498 1114 2524; x_wconf 83' lang='lat' dir='ltr'><strong>ut</strong></span> <span class='ocrx_word' id='word_1_387' title='bbox 1149 2497 1255 2535; x_wconf 85' lang='lat' dir='ltr'><strong>putes</strong></span> <span class='ocrx_word' id='word_1_388' title='bbox 1289 2497 1319 2524; x_wconf 90' lang='lat' dir='ltr'><strong>te</strong></span> <span class='ocrx_word' id='word_1_389' title='bbox 1352 2491 1391 2524; x_wconf 84' lang='lat' dir='ltr'><strong>in</strong></span> <span class='ocrx_word' id='word_1_390' title='bbox 1427 2487 1510 2532; x_wconf 73' lang='lat' dir='ltr'><strong>eab,</strong></span> <span class='ocrx_word' id='word_1_391' title='bbox 1544 2502 1634 2534; x_wconf 87' lang='lat' dir='ltr'><strong>quae</strong></span> <span class='ocrx_word' id='word_1_392' title='bbox 1667 2489 1794 2523; x_wconf 76' lang='lat' dir='ltr'><strong>divina</strong></span> 
     </span>
     <span class='ocr_line' id='line_1_44' title="bbox 308 2538 1793 2584; baseline -0.002 -9"><span class='ocrx_word' id='word_1_393' title='bbox 308 2547 389 2575; x_wconf 84' lang='lat' dir='ltr'><strong>sunt</strong></span> <span class='ocrx_word' id='word_1_394' title='bbox 414 2542 596 2584; x_wconf 84' lang='lat' dir='ltr'><strong>imperiale</strong></span> <span class='ocrx_word' id='word_1_395' title='bbox 623 2541 767 2584; x_wconf 81' lang='lat' dir='ltr'><strong>aliquod</strong></span> <span class='ocrx_word' id='word_1_396' title='bbox 791 2540 848 2573; x_wconf 81' lang='lat' dir='ltr'><strong>ius</strong></span> <span class='ocrx_word' id='word_1_397' title='bbox 875 2542 1013 2581; x_wconf 79' lang='lat' dir='ltr'><strong>habere,</strong></span> <span class='ocrx_word' id='word_1_398' title='bbox 1047 2541 1122 2574; x_wconf 81' lang='lat' dir='ltr'><strong>noli</strong></span> <span class='ocrx_word' id='word_1_399' title='bbox 1153 2546 1184 2574; x_wconf 90' lang='lat' dir='ltr'><strong>te</strong></span> <span class='ocrx_word' id='word_1_400' title='bbox 1209 2540 1382 2580; x_wconf 71' lang='lat' dir='ltr'><strong>extollere,</strong></span> <span class='ocrx_word' id='word_1_401' title='bbox 1417 2540 1491 2580; x_wconf 89' lang='lat' dir='ltr'><strong>sed,</strong></span> <span class='ocrx_word' id='word_1_402' title='bbox 1522 2540 1555 2573; x_wconf 83' lang='lat' dir='ltr'><strong>si</strong></span> <span class='ocrx_word' id='word_1_403' title='bbox 1578 2538 1633 2574; x_wconf 81' lang='lat' dir='ltr'><strong>vis</strong></span> <span class='ocrx_word' id='word_1_404' title='bbox 1659 2539 1793 2572; x_wconf 84' lang='lat' dir='ltr'><strong>diutius</strong></span> 
     </span>
    </p>
   </div>
   <div class='ocr_carea' id='block_1_3' title="bbox 306 2587 1796 2680">
    <p class='ocr_par' dir='ltr' id='par_1_3' title="bbox 306 2587 1796 2680">
     <span class='ocr_line' id='line_1_45' title="bbox 306 2587 1796 2633; baseline -0.003 -9"><span class='ocrx_word' id='word_1_405' title='bbox 306 2592 493 2633; x_wconf 88' lang='lat' dir='ltr'><strong>imperare,</strong></span> <span class='ocrx_word' id='word_1_406' title='bbox 520 2594 589 2623; x_wconf 87' lang='lat' dir='ltr'><strong>esto</strong></span> <span class='ocrx_word' id='word_1_407' title='bbox 607 2590 767 2623; x_wconf 82' lang='lat' dir='ltr'><strong>subditus</strong></span> <span class='ocrx_word' id='word_1_408' title='bbox 786 2589 873 2631; x_wconf 86' lang='lat' dir='ltr'><strong>Deo,</strong></span> <span class='ocrx_word' id='word_1_409' title='bbox 901 2589 1068 2632; x_wconf 84' lang='lat' dir='ltr'><strong>quoniam</strong></span> <span class='ocrx_word' id='word_1_410' title='bbox 1085 2588 1253 2631; x_wconf 86' lang='lat' dir='ltr'><strong>scriptum</strong></span> <span class='ocrx_word' id='word_1_411' title='bbox 1270 2594 1336 2622; x_wconf 79' lang='lat' dir='ltr'><strong>est:</strong></span> <span class='ocrx_word' id='word_1_412' title='bbox 1365 2587 1464 2627; x_wconf 78' lang='lat' dir='ltr'><strong>Quae</strong></span> <span class='ocrx_word' id='word_1_413' title='bbox 1481 2587 1569 2630; x_wconf 90' lang='lat' dir='ltr'><strong>Deo,</strong></span> <span class='ocrx_word' id='word_1_414' title='bbox 1591 2589 1679 2630; x_wconf 87' lang='lat' dir='ltr'><strong>Deo,</strong></span> <span class='ocrx_word' id='word_1_415' title='bbox 1706 2599 1796 2631; x_wconf 88' lang='lat' dir='ltr'><strong>quae</strong></span> 
     </span>
     <span class='ocr_line' id='line_1_46' title="bbox 308 2637 1796 2680; baseline -0.002 -7"><span class='ocrx_word' id='word_1_416' title='bbox 308 2640 457 2680; x_wconf 88' lang='lat' dir='ltr'><strong>caesari,</strong></span> <span class='ocrx_word' id='word_1_417' title='bbox 484 2639 630 2672; x_wconf 81' lang='lat' dir='ltr'><strong>caesari.</strong></span> <span class='ocrx_word' id='word_1_418' title='bbox 682 2637 740 2670; x_wconf 85' lang='lat' dir='ltr'><strong>Ad</strong></span> <span class='ocrx_word' id='word_1_419' title='bbox 765 2637 1016 2680; x_wconf 79' lang='lat' dir='ltr'><strong>imperatorem,</strong></span> <span class='ocrx_word' id='word_1_420' title='bbox 1042 2637 1166 2680; x_wconf 84' lang='lat' dir='ltr'><strong>inquit,</strong></span> <span class='ocrx_word' id='word_1_421' title='bbox 1195 2637 1341 2680; x_wconf 88' lang='lat' dir='ltr'><strong>palatia</strong></span> <span class='ocrx_word' id='word_1_422' title='bbox 1371 2637 1561 2679; x_wconf 86' lang='lat' dir='ltr'><strong>pertinent,</strong></span> <span class='ocrx_word' id='word_1_423' title='bbox 1601 2637 1650 2670; x_wconf 86' lang='lat' dir='ltr'><strong>ad</strong></span> <span class='ocrx_word' id='word_1_424' title='bbox 1682 2647 1796 2670; x_wconf 83' lang='lat' dir='ltr'><strong>sacer-</strong></span> 
     </span>
    </p>
   </div>
   <div class='ocr_carea' id='block_1_4' title="bbox 309 2722 851 2760">
    <p class='ocr_par' dir='ltr' id='par_1_4' title="bbox 309 2722 851 2760">
     <span class='ocr_line' id='line_1_47' title="bbox 309 2722 851 2760; baseline -0.004 -8"><span class='ocrx_word' id='word_1_425' title='bbox 309 2725 339 2760; x_wconf 79' lang='lat' dir='ltr'><strong>a)</strong></span> <span class='ocrx_word' id='word_1_426' title='bbox 364 2726 501 2758; x_wconf 84' lang='lat' dir='ltr'><strong>loquitur</strong></span> <span class='ocrx_word' id='word_1_427' title='bbox 523 2726 548 2751; x_wconf 93' lang='lat'><strong>1.</strong></span> <span class='ocrx_word' id='word_1_428' title='bbox 628 2722 659 2756; x_wconf 93' lang='lat' dir='ltr'><strong>b)</strong></span> <span class='ocrx_word' id='word_1_429' title='bbox 682 2726 710 2749; x_wconf 84' lang='lat' dir='ltr'><strong>te</strong></span> <span class='ocrx_word' id='word_1_430' title='bbox 732 2730 802 2749; x_wconf 85' lang='lat' dir='ltr'><strong>mea</strong></span> <span class='ocrx_word' id='word_1_431' title='bbox 826 2725 851 2750; x_wconf 93' lang='lat' dir='ltr'><strong>l.</strong></span> 
     </span>
    </p>
   </div>
   <div class='ocr_carea' id='block_1_5' title="bbox 311 2797 1796 2892">
    <p class='ocr_par' dir='ltr' id='par_1_5' title="bbox 311 2797 1796 2892">
     <span class='ocr_line' id='line_1_48' title="bbox 313 2797 1796 2845; baseline -0.003 -9"><span class='ocrx_word' id='word_1_432' title='bbox 313 2802 350 2845; x_wconf 91' lang='lat'><strong>1)</strong></span> <span class='ocrx_word' id='word_1_433' title='bbox 377 2803 536 2835; x_wconf 85' lang='lat' dir='ltr'><strong>Historia</strong></span> <span class='ocrx_word' id='word_1_434' title='bbox 561 2801 739 2843; x_wconf 82' lang='lat' dir='ltr'><strong>tripertita</strong></span> <span class='ocrx_word' id='word_1_435' title='bbox 764 2799 829 2839; x_wconf 91' lang='lat' dir='ltr'><strong>IX,</strong></span> <span class='ocrx_word' id='word_1_436' title='bbox 847 2799 906 2839; x_wconf 88' lang='grc'><strong>30,</strong></span> <span class='ocrx_word' id='word_1_437' title='bbox 934 2797 1140 2832; x_wconf 80' lang='lat' dir='ltr'><strong>cassiodori</strong></span> <span class='ocrx_word' id='word_1_438' title='bbox 1166 2800 1297 2842; x_wconf 85' lang='lat' dir='ltr'><strong>Opera,</strong></span> <span class='ocrx_word' id='word_1_439' title='bbox 1322 2800 1450 2833; x_wconf 87' lang='lat' dir='ltr'><strong>Venet.</strong></span> <span class='ocrx_word' id='word_1_440' title='bbox 1469 2798 1572 2841; x_wconf 81' lang='lat'><strong>1729,</strong></span> <span class='ocrx_word' id='word_1_441' title='bbox 1598 2799 1628 2840; x_wconf 94' lang='lat'><strong>1,</strong></span> <span class='ocrx_word' id='word_1_442' title='bbox 1654 2807 1690 2841; x_wconf 89' lang='lat' dir='ltr'><strong>p.</strong></span> <span class='ocrx_word' id='word_1_443' title='bbox 1713 2798 1796 2831; x_wconf 84' lang='lat'><strong>319.</strong></span> 
     </span>
     <span class='ocr_line' id='line_1_49' title="bbox 311 2847 1795 2892; baseline -0.003 -9"><span class='ocrx_word' id='word_1_444' title='bbox 311 2852 394 2892; x_wconf 85' lang='lat'><strong>320,</strong></span> <span class='ocrx_word' id='word_1_445' title='bbox 423 2851 520 2883; x_wconf 87' lang='lat' dir='ltr'><strong>cuius</strong></span> <span class='ocrx_word' id='word_1_446' title='bbox 547 2849 783 2882; x_wconf 82' lang='lat' dir='ltr'><strong>narrationem</strong></span> <span class='ocrx_word' id='word_1_447' title='bbox 810 2848 1008 2880; x_wconf 83' lang='lat' dir='ltr'><strong>breviorem</strong></span> <span class='ocrx_word' id='word_1_448' title='bbox 1043 2847 1210 2882; x_wconf 85' lang='lat' dir='ltr'><strong>reddidit.</strong></span> <span class='ocrx_word' id='word_1_449' title='bbox 1310 2847 1348 2890; x_wconf 79' lang='lat'><strong>2)</strong></span> <span class='ocrx_word' id='word_1_450' title='bbox 1383 2849 1483 2889; x_wconf 82' lang='lat' dir='ltr'><strong>Quae</strong></span> <span class='ocrx_word' id='word_1_451' title='bbox 1518 2849 1564 2881; x_wconf 85' lang='lat' dir='ltr'><strong>sit</strong></span> <span class='ocrx_word' id='word_1_452' title='bbox 1596 2847 1795 2886; x_wconf 79' lang='lat' dir='ltr'><strong>nescimus3</strong></span> 
     </span>
    </p>
   </div>
   <div class='ocr_carea' id='block_1_6' title="bbox 311 2896 1796 2992">
    <p class='ocr_par' dir='ltr' id='par_1_6' title="bbox 311 2896 1796 2992">
     <span class='ocr_line' id='line_1_50' title="bbox 311 2896 1796 2982; baseline -0.004 -49"><span class='ocrx_word' id='word_1_453' title='bbox 311 2900 592 2982; x_wconf 46' lang='lat' dir='ltr'><strong>sXegIhanc93e3n</strong></span> <span class='ocrx_word' id='word_1_454' title='bbox 619 2899 696 2941; x_wconf 89' lang='lat' dir='ltr'><strong>ipse</strong></span> <span class='ocrx_word' id='word_1_455' title='bbox 714 2897 921 2930; x_wconf 88' lang='lat' dir='ltr'><strong>Ambrosius</strong></span> <span class='ocrx_word' id='word_1_456' title='bbox 949 2896 1082 2930; x_wconf 88' lang='lat' dir='ltr'><strong>eisdem</strong></span> <span class='ocrx_word' id='word_1_457' title='bbox 1110 2896 1183 2930; x_wconf 88' lang='lat' dir='ltr'><strong>fere</strong></span> <span class='ocrx_word' id='word_1_458' title='bbox 1210 2898 1328 2931; x_wconf 86' lang='lat' dir='ltr'><strong>verbis</strong></span> <span class='ocrx_word' id='word_1_459' title='bbox 1354 2901 1486 2936; x_wconf 80' lang='lat' dir='ltr'><strong>narrat,</strong></span> <span class='ocrx_word' id='word_1_460' title='bbox 1513 2907 1569 2940; x_wconf 86' lang='lat' dir='ltr'><strong>ep.</strong></span> <span class='ocrx_word' id='word_1_461' title='bbox 1589 2896 1647 2937; x_wconf 81' lang='lat'><strong>20,</strong></span> <span class='ocrx_word' id='word_1_462' title='bbox 1674 2896 1796 2938; x_wconf 86' lang='lat' dir='ltr'><strong>Migne</strong></span> 
     </span>
     <span class='ocr_line' id='line_1_51' title="bbox 402 2961 583 2992; baseline 0.006 -12"><span class='ocrx_word' id='word_1_463' title='bbox 402 2973 410 2989; x_wconf 76' lang='lat'>⁷</span> <span class='ocrx_word' id='word_1_464' title='bbox 438 2961 472 2992; x_wconf 80' lang='lat' dir='ltr'><strong>p.</strong></span> <span class='ocrx_word' id='word_1_465' title='bbox 574 2972 583 2981; x_wconf 68' lang='grc' dir='ltr'>α</span> 
     </span>
    </p>
   </div>
  </div>
 </body>
</html>
