1878 3308
283 274 327 305 76
525 274 592 307 DE
619 273 829 307 UNITATE
856 273 1126 308 ECCLESIAE
1156 274 1521 309 CONSERVANDA.

182 384 571 433 1085‚Chuonradus
611 400 754 428 comes
792 388 835 427 in
865 385 1039 443 publico
1070 385 1247 442 praelio,
1278 387 1380 429 dum
1409 401 1434 429 a
1468 395 1557 431 eret
1585 387 1644 430 ibi
1675 394 1777 431 stre-

283 442 479 484 nuissimi
510 441 656 484 militis
687 442 874 484 officium
904 456 981 498 pro
1002 443 1259 498 imperatore
1280 443 1440 486 Henric
1474 459 1513 486 o.
1560 445 1620 487 At
1645 444 1778 487 frater

283 499 375 540 eius
404 497 503 540 Udo
543 499 772 555 episcopus
812 507 962 556 eaptus
1002 505 1044 541 et
1078 498 1317 542 vinculatus
1347 500 1402 542 ab
1432 500 1636 556 Egberdo
1666 515 1777 543 mar-

284 554 435 596 chione
466 555 669 598 sustinuit
697 554 851 597 multos
882 562 925 598 et
953 554 1176 597 diuturnos
1198 556 1411 598 cruciatus
1441 557 1521 600 sub
1551 558 1776 614 tyrannica

281 610 396 653 illius
433 610 695 665 crudelitate,
733 611 870 654 donec
907 612 1184 667 promisisset,
1214 611 1517 656 Hildinisheim
1557 614 1799 656 civitatem‘

282 668 557 724 episcopatus
596 668 676 721 sui,
713 683 843 725 quam
884 682 961 723 per
997 667 1155 710 multos
1196 668 1288 711 dies
1329 668 1443 712 idem
1481 669 1672 712 marchio
1703 684 1776 727 op-

282 730 563 780 pugnaverat,
595 738 640 766 se
670 723 928 767 traditurum
957 739 1072 778 esse3
1104 725 1221 780 quod
1249 731 1392 767 tamen
1421 739 1507 767 non
1535 725 1649 780 fecit,
1677 725 1778 769 licet

281 779 352 822 ille
389 786 598 835 tyrannus
634 780 708 822 uni
748 780 802 823 de
841 781 951 822 datis
993 779 1214 823 obsidibus
1252 789 1383 838 eaput
1411 782 1626 839 amputari
1654 796 1776 839 prae-

282 837 455 892 ceperit.

190 903 267 939 (xx)
396 891 461 933 19.
517 891 758 945 Celebrato,
789 893 902 935 sicut
931 892 1093 935 dictum
1125 899 1203 946 est,
1234 900 1446 936 conventu
1475 895 1621 950 episco
1655 908 1776 936 orum

281 954 410 1004 atque
431 948 688 1004 principum,
711 949 837 990 citius
857 949 1056 992 abierunt
1077 949 1273 992 catholici
1294 964 1320 991 a
1341 949 1522 992 concilio
1543 965 1614 992 ma
1633 953 1777 1006 'gnan-

281 1005 400 1058 tium,
431 1019 484 1047 ne
514 1005 623 1046 forte
652 1004 891 1048 inciderent
920 1007 963 1047 in
984 1020 1135 1047 manus
1157 1006 1424 1048 inimicorum
1458 1021 1655 1061 suorum3
1686 1007 1777 1063 qui-

281 1061 363 1103 bus
395 1060 509 1103 enim
539 1068 776 1117 parcerent,
809 1063 883 1118 qui
913 1062 965 1104 de
997 1077 1169 1104 suorum
1191 1063 1324 1105 caede
1355 1063 1528 1120 quidem
1560 1063 1777 1106 sociorum

283 1132 374 1159 sese
411 1131 498 1159 non
536 1116 873 1160 abstinuissent?
932 1117 1016 1160 Sed
1054 1119 1118 1160 his
1160 1119 1220 1160 ita
1249 1119 1396 1174 gestis,
1427 1119 1582 1162 deinde
1612 1119 1777 1162 indicta

282 1179 348 1215 est
391 1173 580 1229 synodus
624 1174 740 1230 apud
785 1174 1052 1230 Moguntiam
1101 1175 1292 1217 secunda
1334 1174 1633 1219 hebdomada1
1677 1181 1778 1232 post

281 1228 445 1285 pascha
474 1230 711 1272 secundum
742 1231 1091 1273 constitutionem
1122 1232 1235 1273 sedis
1265 1231 1540 1288 apostolieae,
1571 1231 1646 1275 ubi
1675 1246 1776 1274 con·

282 1292 492 1328 venerunt
534 1301 632 1327 cum
674 1287 930 1342 imperatore
972 1287 1102 1342 legati
1141 1288 1278 1344 ipsius
1319 1295 1617 1332 sacrosanctae
1661 1287 1775 1330 sedis

282 1342 556 1398 apostolicae,
587 1342 740 1384 Petrus
769 1342 933 1386 scilicet
961 1344 1190 1400 episcopus
1220 1344 1469 1387 Portuensis
1497 1344 1703 1388 ecclesiae
1732 1350 1775 1386 et

283 1398 368 1439 duo
409 1397 644 1440 cardinales
679 1398 899 1442 Romanae
939 1398 1158 1444 ecclesiae.
1217 1399 1381 1442 Aderat
1419 1401 1548 1444 etiam
1585 1400 1774 1444 omnium

283 1455 583 1510 episcoporum
623 1469 857 1497 consensus
896 1456 987 1498 sive
1028 1456 1081 1498 de
1119 1455 1274 1498 Italia²
1313 1458 1404 1499 sive
1440 1457 1494 1499 de
1532 1457 1687 1511 Gallia,
1729 1456 1775 1498 in

284 1525 466 1567 quorum
504 1510 678 1553 alternis
720 1511 919 1554 cordibus
949 1513 1056 1555 vivit
1085 1512 1288 1568 spiritalis
1317 1528 1437 1556 amor
1467 1519 1510 1556 et
1538 1515 1688 1570 gratia,
1720 1513 1776 1555 de

284 1566 482 1623 qualibus
514 1568 662 1610 scribit
692 1575 863 1610 sanctus
897 1568 1140 1625 Cyprianus
1171 1570 1451 1626 episcopus³z
1502 1580 1686 1622 mitatem,
1712 1569 1774 1610 in-

284 1624 449 1678 quiens,
480 1640 595 1667 tenere
610 1634 764 1677 firmiter
790 1638 822 1668 et
845 1634 1031 1668 vindicare
1057 1635 1221 1668 debemus
1247 1636 1398 1668 maxime
1422 1647 1487 1669 ‘nos
1517 1633 1681 1678 episcopi,
1712 1635 1778 1678 qui

282 1682 320 1715 in
354 1682 499 1716 ecclesia
524 1683 784 1725 praesidemus,
819 1689 858 1715 ut
892 1684 1130 1726 episcopatum
1154 1695 1291 1727 quoque
1315 1695 1426 1717 wnum
1453 1689 1557 1727 atque
1580 1683 1776 1718 indivisum

276 1737 477 1780 probemus.
512 1727 822 1770 Praesidebant
842 1742 1012 1784 quoque
1031 1729 1130 1770 huic
1152 1729 1316 1784 synodo
1327 1729 1573 1772 Wezelinus
1593 1729 1775 1784 Mogun-

282 1783 397 1824 tinae
427 1783 631 1825 ecclesiae
661 1783 1010 1848 archiepiscopus
1041 1792 1083 1827 et
1101 1784 1328 1827 Eilberdus
1349 1785 1617 1827 Trevirensis
1641 1785 1776 1827 archi·
1847 1801 1850 1803 ·

284 1839 513 1895 episcopus
543 1845 671 1896 atque
702 1840 932 1897 Sigevlnus
963 1840 1229 1884 Coloniensis
1257 1841 1620 1907 archiepiscopus.
1679 1841 1774 1883 Lie-

283 1908 428 1936 marus
468 1901 612 1937 autem
651 1896 892 1938 Premensis
932 1897 1306 1954 archiepiscopus,
1349 1912 1448 1954 quia
1485 1911 1571 1939 non
1606 1903 1778 1953 poterat

283 1950 447 2006 adesse,
476 1953 651 1994 miserat
670 1951 770 1994 illuc
798 1952 963 2009 legatos
984 1967 1097 2007 suos,
1127 1968 1205 1995 sua
1223 1954 1318 1996 vice
1347 1954 1614 2010 promittens,
1644 1968 1690 1995 se
1718 1953 1775 1996 ad

285 2008 428 2049 omnia
467 2022 788 2064 consensurum,
827 2023 936 2065 quae
975 2011 1218 2066 pertineant
1254 2010 1310 2052 ad
1347 2009 1477 2052 fidem
1521 2008 1775 2052 catholicam

284 2063 400 2105 etad
453 2078 573 2107 acem
603 2071 732 2121 atque
763 2066 969 2108 unitatem
999 2065 1219 2109 ecclesiae.
1258 2065 1430 2123 Reliqui
1448 2080 1550 2109 vero
1581 2065 1776 2123 episcopi

285 2120 359 2176 qui
394 2119 424 2161 il
441 2121 483 2162 ic
522 2128 613 2164 tum
652 2122 826 2164 fuerunt
869 2121 914 2164 hi
951 2128 1063 2176 sunt,
1108 2137 1290 2179 quorum
1330 2123 1505 2165 nomina
1533 2122 1776 2179 subscripta

285 2247 376 2279 quae
397 2243 609 2270 conventum
637 2238 889 2282 sequebantur.
928 2239 1020 2272 Nam
1048 2249 1109 2272 eos
1136 2240 1196 2282 qui
1222 2239 1268 2271 ab
1294 2239 1508 2283 imperatore
1534 2238 1681 2272 stabant
1703 2249 1775 2272 non

283 2289 357 2318 tam
397 2286 536 2319 cladem
577 2288 761 2330 accepisse
801 2299 906 2331 quam
944 2289 1130 2321 victoriam
1169 2289 1206 2320 in
1243 2287 1306 2320 illo
1346 2291 1525 2321 conventu
1559 2291 1776 2331 reportasse,

285 2339 435 2377 apparet
456 2335 512 2368 vel
531 2336 628 2374 inde,
656 2336 751 2379 quod
778 2347 845 2369 nec
863 2336 944 2370 Udo
972 2337 1120 2380 eiusque
1145 2337 1254 2369 frater
1278 2347 1346 2368 nec
1373 2324 1527 2379 uterqx'
1539 2335 1776 2369 Thiedericus

285 2384 331 2414 ad
358 2388 478 2426 partes
503 2385 670 2418 factionis
696 2396 781 2418 suae
807 2387 938 2418 reverti
963 2385 1162 2418 voluerunt.
1200 2386 1347 2417 Praeter
1371 2385 1606 2418 Waltramum
1635 2384 1679 2417 de
1705 2385 1774 2417 hac

284 2442 322 2463 re
347 2433 390 2465 cf.
411 2433 501 2466 Ann.
520 2434 690 2475 Magdeb.
718 2434 798 2475 (SS.
817 2435 915 2475 XVI,
941 2446 976 2478 p.
999 2435 1078 2466 176.
1108 2432 1207 2476 177),
1232 2434 1323 2466 Ann.
1344 2434 1426 2467 sax.
1454 2433 1609 2475 (SSNI,
1636 2445 1671 2477 p.
1691 2434 1774 2467 721.

285 2479 383 2519 722),
418 2482 557 2514 Ekkeh.
587 2482 669 2516 Chr.
696 2482 777 2525 (SS.
805 2483 867 2525 VI,
901 2494 934 2526 p.
965 2482 1065 2526 206).
1118 2482 1172 2515 cf.
1200 2482 1340 2523 Hefele,
1367 2482 1704 2525 ‘Conciliengesch.’
1730 2483 1776 2525 V,

283 2540 320 2572 p.
341 2529 422 2562 160.
451 2534 486 2562 et
511 2531 817 2564 ‘Rundschreiben
845 2532 908 2564 des
934 2532 1162 2575 piipstlichen
1186 2531 1354 2574 Legaten
1381 2532 1465 2565 Otto
1491 2542 1526 2565 v.
1545 2531 1647 2564 Ostia.
1666 2531 1774 2565 Febr.

287 2576 390 2609 1085‘
418 2580 513 2622 apud
541 2580 785 2619 Giesebreeht,
813 2581 958 2614 ‘Gesch.
986 2580 1050 2613 der
1077 2580 1238 2613 deutsch.
1264 2580 1475 2613 Kaiserzeit'
1502 2580 1574 2621 ΙΙΙ,
1600 2591 1635 2623 p.
1665 2581 1772 2614 1234.

287 2628 322 2666 1)
358 2627 412 2659 Of.
448 2627 492 2660 de
519 2628 587 2660 hac
614 2629 750 2670 synodo
785 2629 926 2661 Ekkeh.
956 2629 1039 2662 Chr.
1075 2630 1155 2669 (SS.
1182 2629 1246 2671 VI,
1280 2641 1316 2672 p.
1343 2629 1445 2672 205),
1483 2628 1656 2662 Bernoldi
1689 2629 1774 2663 chr.

286 2676 418 2716 (SS.V‚
437 2688 472 2719 p.
488 2676 590 2718 443),
605 2677 780 2720 Sigebert.
797 2676 952 2720 (SS.V1,
969 2690 1003 2721 p.
1019 2678 1119 2720 365).
1197 2677 1235 2719 2)
1255 2678 1310 2711 Cf.
1325 2679 1468 2712 Ekkeh.
1486 2678 1512 2711 l.
1527 2689 1579 2712 c.:
1606 2676 1776 2722 Synodue

284 2724 487 2768 Moyontz’ae
505 2725 662 2767 habetur,
688 2725 746 2759 cui
762 2724 924 2769 interfuit
939 2725 1141 2770 imperator,
1166 2726 1228 2759 ubi
1238 2727 1485 2769 praesentibus
1503 2727 1625 2771 leqatis
1642 2726 1774 2760 Roma-

284 2784 411 2806 norum
443 2785 559 2807 omnes
593 2773 747 2818 episcopi
772 2775 915 2808 rebelles
948 2775 1154 2818 imperatori
1187 2776 1386 2818 deponendi
1418 2774 1638 2817 iudicantur,
1669 2775 1775 2809 ceteri

285 2834 366 2856 vero
394 2822 628 2864 anathemate,
655 2829 693 2856 ut
720 2823 915 2865 videbatur,
943 2825 1259 2868 condempnantur.
1297 2824 1356 2858 Ibi
1380 2826 1484 2859 etiam
1501 2823 1674 2858 commwni
1690 2835 1773 2858 con-

284 2883 389 2905 semu
416 2875 519 2915 atque
544 2871 686 2906 consilio
713 2873 901 2906 constituta
920 2878 969 2906 est
988 2885 1066 2916 pax
1092 2873 1174 2907 Dei.
1214 2875 1301 2907 Eius
1328 2876 1427 2917 pacis
1454 2874 1544 2918 (LL.
1570 2873 1622 2916 ΙΙ,
1648 2885 1683 2917 p.
1710 2872 1776 2916 55)
1835 2868 1838 2870 ⁷

283 2921 501 2955 Waltramus
525 2933 699 2965 nusquam
725 2923 941 2956 mentionem
967 2923 1066 2956 facit.
1165 2922 1204 2966 3)
1236 2923 1406 2967 Cypriani
1433 2925 1553 2967 Opera
1577 2934 1612 2966 p.
1641 2922 1724 2954 213.
