1878 3308
341 278 409 312 128
583 278 650 311 DE
676 277 888 311 UNITATE
914 276 1187 310 ECCLESIAE
1215 275 1583 311 CONSERVANDA.

339 405 485 433 omnes
516 405 535 432 s
569 391 681 433 ecies
711 390 928 432 virtutum.
973 387 1059 431 Sed
1089 387 1185 444 plus
1217 403 1345 445 quam
1375 386 1643 444 euangelium
1666 386 1827 431 Christi

338 453 381 490 et
417 461 516 489 man
549 452 666 488 atum
707 446 790 488 Dei
820 444 963 487 valent
1000 445 1045 486 in
1083 445 1351 487 monasteriis
1381 445 1470 486 suis
1498 443 1827 488 consuetudines

338 518 499 556 eorum,
531 517 639 560 quae
670 509 767 544 sunt
795 501 996 544 mandata
1021 501 1253 543 hominum.
1298 500 1413 542 Hinc
1433 500 1560 543 etiam
1581 499 1826 557 Cyprianus

337 560 564 616 episcopus
593 561 638 601 in
666 558 776 600 libro
806 558 859 600 de
888 558 1050 599 unitate
1081 555 1314 599 catholicae
1343 555 1595 599 ecclesiae¹t
1633 565 1733 608 Filii,
1764 557 1826 598 in-

338 616 442 672 quit,
471 625 606 667 Aaron,
642 625 702 668 qui
735 623 978 667 imposuerunt
1012 623 1121 656 altari
1153 623 1268 667 ignem
1302 622 1469 664 alienum,
1495 633 1595 666 quem
1622 632 1695 655 non
1713 624 1823 665 prae-

126 684 324 719 Lev.10,1.2.
338 680 478 719 ceperat
509 674 619 715 Deus,
659 673 699 707 in
738 678 922 717 conspectu
959 671 1081 706 statim
1117 671 1265 706 Domini
1303 670 1518 705 vindicantis
1558 670 1700 704 extincti
1732 676 1823 706 swnt.

340 725 435 765 Quos
468 722 654 757 imitantur
686 722 815 756 scilicet
854 726 958 765 atque
984 726 1173 762 sectantur,
1207 720 1279 764 qui,
1306 719 1378 754 Dei
1403 720 1592 754 traditione
1617 723 1824 763 contempta,

339 774 475 807 alienas
501 772 681 806 doctrinas
707 776 878 814 appetunt
904 776 935 805 et
960 770 1166 814 magisteria
1190 770 1368 803 humanae
1386 768 1616 803 institutionis
1640 767 1824 803 inducunt.

342 822 435 863 Quos
469 821 630 864 increpat
663 820 837 854 Dominus
864 825 895 853 et
929 820 1091 863 obiurgat
1115 820 1154 853 in
1181 818 1364 862 euanqelio
1390 829 1466 860 suo,
1492 817 1631 852 dicem:
1668 815 1824 851 ‘Reicitis

125 890 330 924 Max-0:154&
340 876 550 910 mandatum
580 874 663 917 Dei,
696 879 736 908 ut
769 873 991 908 traditionem
1015 879 1168 908 vestram
1193 871 1382 907 statuatis'.
1432 872 1551 915 Peius,
1583 861 1732 918 inquit,
1762 872 1825 906 hoc

338 926 468 960 crimen
502 930 562 964 est,
596 935 703 967 quami
736 924 831 967 quod
865 922 1050 957 admisisse
1083 922 1177 966 lapsi
1210 922 1387 963 videntur,
1413 922 1476 964 qui
1500 927 1617 956 tamen
1641 921 1681 954 in
1699 920 1826 965 poeni·

338 974 448 1009 tentia
481 973 636 1006 criminis
669 971 846 1006 constituti
869 971 1061 1005 Dominum
1089 971 1207 1015 plenis
1242 969 1544 1014 satisfactionibus
1578 971 1825 1014 deprecantur.

336 1024 407 1057 Hic
425 1022 569 1057 ecclesia
595 1021 778 1065 quaeritur
804 1027 835 1054 et
859 1025 1018 1065 roqatur,
1044 1020 1117 1054 illic
1143 1019 1287 1055 ecclesia
1311 1019 1543 1063 impugnatur
1553 1023 1583 1053 ¹¹.
1619 1019 1694 1053 Hic
1711 1023 1828 1063 potest

337 1072 525 1106 necessitas
549 1071 680 1114 fuisse,
714 1070 785 1103 illic
818 1071 981 1103 voluntas
1014 1074 1149 1104 tenetur
1180 1068 1220 1103 in
1244 1069 1382 1102 scelere.
1432 1068 1504 1102 Hic
1528 1068 1590 1112 qui
1623 1069 1746 1111 lapsus
1778 1072 1828 1102 est

338 1121 405 1155 sibi
443 1126 579 1154 tantum
616 1118 753 1160 nocuit,
796 1118 872 1152 illic
910 1119 971 1162 qui
1007 1119 1142 1153 hereses
1184 1124 1216 1153 et
1249 1116 1416 1152 scismata
1439 1117 1566 1160 facere
1598 1122 1743 1151 conatus
1777 1119 1828 1150 est

336 1171 462 1204 multos
483 1180 599 1203 secum
625 1168 797 1202 trahendo
815 1167 959 1211 decepit.
993 1167 1065 1201 Hic
1086 1168 1225 1201 animae
1242 1167 1349 1200 unius
1367 1171 1416 1200 est
1437 1166 1617 1208 damnum,
1643 1165 1718 1200 illic
1728 1165 1827 1209 peri-
1848 1191 1850 1193 v

339 1220 456 1253 culum
474 1217 723 1261 plurimorum.
763 1216 860 1251 Certe
874 1213 1052 1260 peccansl‘
1072 1216 1129 1250 hic
1154 1221 1186 1250 et
1202 1215 1364 1259 intelliyit
1387 1218 1419 1248 et
1436 1215 1650 1249 lamentatur
1674 1220 1707 1249 et
1718 1215 1826 1258 plan-

337 1268 399 1313 9it,
425 1268 484 1302 ille
510 1273 644 1301 tumens
669 1265 709 1299 in
728 1270 874 1309 peccato
900 1277 963 1299 suo
989 1269 1021 1299 et
1044 1266 1083 1298 in
1108 1265 1195 1309 ipsis
1231 1263 1298 1298 sibi
1330 1263 1465 1298 delictis
1483 1264 1630 1307 placens
1662 1276 1686 1297 a
1714 1267 1827 1297 matre

328 1316 426 1361 filios
459 1320 629 1361 segregat,
664 1326 744 1349 oves
779 1326 803 1348 a
826 1320 974 1359 pastore
1006 1314 1182 1357 sollicitat,
1217 1313 1287 1348 Dei
1320 1317 1542 1347 sacramenta
1574 1313 1764 1355 disturbat,
1796 1316 1828 1346 et

339 1384 416 1405 cum
434 1372 555 1414 lapsus
573 1371 678 1404 semel
687 1369 899 1414 peccaverit,
918 1370 976 1403 ille
995 1369 1120 1404 cotidie
1135 1374 1269 1412 peccat.
1305 1358 1425 1400 Haec
1447 1364 1547 1400 Sunt
1559 1357 1693 1400 verba
1712 1356 1828 1400 beati

340 1416 546 1473 Cypriani
566 1414 618 1457 de
638 1413 872 1457 cultoribus
897 1414 1109 1457 humanae
1130 1413 1383 1468 traditionis,
1399 1428 1582 1471 quorum
1597 1419 1824 1456 consuetu-

339 1473 459 1515 dines
491 1471 682 1514 diversae
722 1470 895 1528 quidem
934 1478 1032 1513 sunt
1069 1471 1114 1512 in
1144 1470 1321 1512 diversis
1359 1469 1477 1524 locis,
1514 1468 1592 1513 sed
1621 1467 1828 1526 quicquid

339 1529 554 1571 diversum
575 1535 650 1582 est,
673 1527 753 1569 hoc
772 1528 919 1584 utique
939 1542 1088 1569 verum
1109 1541 1196 1569 non
1215 1532 1300 1579 est3
1321 1533 1386 1569 est
1404 1526 1517 1568 enim
1536 1526 1658 1568 Deus
1677 1540 1827 1579 veraX,

341 1585 477 1627 omnis
507 1589 651 1627 autem
679 1583 806 1625 homo
827 1583 1025 1628 mendaX.
1071 1583 1208 1639 Igitur
1235 1581 1350 1624 utilis
1380 1589 1444 1625 est
1464 1581 1699 1639 Scriptura,
1730 1595 1827 1623 cum

340 1641 502 1696 absque
523 1636 649 1681 Patre
679 1654 765 1681 non
784 1639 1008 1695 profertur,
1039 1654 1136 1681 cum
1159 1638 1321 1694 absque
1343 1637 1512 1681 Christo
1541 1652 1626 1680 non
1656 1637 1824 1691 dicitur,

342 1712 441 1738 cum
462 1697 552 1738 sine
570 1695 735 1751 Spiritu
758 1702 905 1737 sancto
921 1710 1006 1736 non
1021 1700 1284 1747 assumatur;
1300 1694 1473 1751 alioqui,
1491 1694 1603 1735 sicut
1616 1693 1828 1749 Hierony-

196 1755 328 1789 Luc.11,
342 1767 436 1795 mus
452 1753 513 1793 ait
522 1759 551 1805 ²,
568 1750 762 1793 diabolus
780 1756 855 1803 est,
874 1752 947 1807 qui
963 1751 1016 1792 de
1033 1750 1252 1806 scripturis
1267 1750 1467 1806 loquitur.
1502 1748 1608 1792 Cum
1624 1750 1736 1792 enim
1752 1751 1828 1791 im-

200 1795 326 1823 24'26‘
340 1809 531 1851 mundus
542 1809 728 1864 spiritus
739 1809 895 1849 eaeierit
911 1807 962 1849 ab
976 1808 1158 1860 homine,
1170 1805 1332 1848 scilicet
1342 1812 1531 1861 tempore
1546 1804 1828 1862 baptismatis,
1850 1805 1852 1807 ’

343 1863 536 1907 ambulat
552 1879 640 1920 per
663 1863 760 1906 loca
774 1865 1008 1919 inaquosa,
1030 1861 1258 1919 explorans
1278 1863 1370 1918 ipse
1395 1860 1572 1904 callidus
1593 1860 1828 1914 insidiator,

342 1921 379 1963 si
396 1935 501 1978 quos
523 1934 623 1962 suae
643 1918 827 1962 malitiae
846 1934 1018 1975 gressus
1038 1918 1171 1974 figere
1190 1919 1325 1974 possit
1342 1919 1388 1960 in
1408 1917 1609 1960 cordibus
1628 1915 1830 1970 fidelium,

342 1991 452 2034 quae
481 1977 567 2018 iam
597 1982 838 2032 expurgata
867 1981 966 2017 sunt
991 1990 1018 2016 a
1045 1974 1222 2016 mollitie
1250 1973 1394 2017 fluxae
1415 1973 1697 2030 cogitationis.
1743 1972 1831 2016 Sed

343 2048 555 2090 quaerens
574 2033 762 2089 requiem
784 2038 822 2074 et
842 2046 931 2074 non
951 2032 1178 2074 inveniens
1197 2031 1243 2072 in
1258 2030 1472 2073 mentibus
1488 2029 1679 2072 fidelium
1695 2029 1833 2071 muni-

342 2089 397 2132 tis
427 2088 617 2144 undique
646 2102 701 2131 ex
721 2087 932 2129 mandatis
953 2085 1141 2140 Domini,
1170 2088 1400 2141 ‘revertar’,
1433 2087 1538 2140 aitc,
1567 2087 1630 2128 ‘in
1660 2086 1832 2128 domum

343 2161 478 2188 meam
499 2145 616 2186 unde
638 2146 780 2187 exivi’.
810 2144 978 2186 Etcum
992 2145 1167 2197 venerit,
1188 2145 1356 2186 invenit
1375 2158 1468 2185 eam
1483 2144 1627 2198 scopis
1645 2141 1832 2184 munda-

343 2208 445 2255 tam,
465 2201 604 2257 gratia
623 2199 787 2242 scilicet
806 2199 1075 2257 baptismatis
1104 2214 1130 2241 a
1149 2205 1423 2256 peccatorum
1451 2197 1547 2241 labe
1568 2197 1834 2254 castigatam,

345 2256 420 2299 sed
449 2255 565 2298 nulla
587 2257 687 2298 boni
716 2256 858 2313 operis
886 2255 1095 2298 industria
1124 2254 1397 2308 cumulatam,
1427 2254 1539 2311 quia,
1570 2252 1646 2296 ubi
1664 2267 1750 2295 non
1771 2258 1835 2295 est

344 2313 518 2367 iustitia,
545 2313 606 2354 ibi
626 2327 714 2354 non
732 2318 797 2354 est
816 2313 949 2354 virtus
970 2311 1125 2367 aliqua.
1170 2311 1311 2364 Quam
1336 2310 1509 2352 domum
1532 2310 1658 2352 etiam
1678 2322 1834 2350 vacan-

344 2376 432 2412 tem
451 2369 625 2422 invenit,
645 2382 672 2409 a
690 2368 814 2410 bonis
834 2366 996 2410 scilieet
1015 2367 1183 2410 actibus
1203 2382 1281 2423 per
1295 2365 1611 2431 negligentiam,
1633 2371 1835 2407 ornatam

345 2430 487 2467 autem
527 2424 735 2466 simulatis
773 2423 1003 2466 virtutibus
1041 2438 1119 2480 per
1147 2423 1407 2478 hypocrism,
1442 2427 1485 2464 et
1512 2428 1616 2463 tunc
1645 2420 1769 2463 vadit
1798 2426 1836 2463 et

347 2482 527 2522 assumit
556 2487 711 2535 septem
732 2480 842 2523 alios
870 2481 1056 2535 spiritus
1085 2481 1313 2534 nequiores
1339 2493 1394 2530 se,
1425 2483 1463 2519 et
1489 2478 1680 2542 ingressi
1709 2476 1832 2519 habi-

346 2543 441 2578 tant
470 2537 544 2578 ibi.
588 2537 671 2578 Per
691 2543 853 2591 septem
882 2534 1016 2576 malos
1046 2535 1219 2591 spiritus
1249 2534 1450 2575 universa
1478 2533 1582 2574 vitla
1611 2533 1835 2598 designan-

346 2598 428 2644 tur,
471 2591 654 2647 ideoque
699 2599 813 2634 recte
860 2591 1086 2646 nequiores
1134 2597 1236 2632 tunc
1281 2604 1380 2631 eum
1427 2589 1615 2645 ingressi
1659 2589 1836 2645 spiritus

349 2647 567 2700 dicuntur,
611 2648 710 2703 quia
746 2662 832 2688 non
869 2646 1006 2688 solum
1043 2645 1114 2687 illa
1151 2652 1314 2702 septem
1343 2646 1469 2699 vitia,
1524 2659 1633 2702 quae
1672 2650 1835 2701 septem

349 2768 379 2803 a)
401 2771 591 2802 repugnatur
612 2768 692 2801 C'ypr.
772 2767 803 2802 b)
826 2775 970 2801 peccasse
992 2775 1024 2794 se
1046 2769 1131 2800 cypr.
1213 2766 1242 2801 c)
1263 2768 1337 2793 deest
1360 2768 1374 2792 1
1386 2774 1396 2798 ,-
1418 2766 1537 2793 Schard.
1559 2765 1679 2792 addidit.

350 2875 387 2920 1)
428 2877 598 2920 Cypriani
632 2877 750 2920 Opera
784 2887 820 2920 p.
853 2875 936 2908 227.
1061 2875 1100 2919 2)
1139 2875 1288 2908 Hieron.
1325 2873 1422 2907 Dial.
1457 2873 1538 2907 adv.
1572 2863 1837 2912 Lucifer-iano„
1863 2875 1878 2892 f

349 2927 468 2969 Opera
493 2926 545 2967 II,
571 2937 604 2969 p.
629 2925 712 2958 202.
