1878 3308
118 963 228 997 Ps.84,
243 963 288 990 11.

83 1076 164 1104 Phil.
177 1077 207 1110 4,
219 1076 245 1104 s.
260 1076 288 1103 9.

87 1411 284 1446 1.Cor.12‚26.

91 1971 118 1998 2.
127 1969 196 1999 Cor.
208 1970 254 2004 13,
264 1971 291 1997 8.

111 2248 187 2274 Luc.
204 2248 250 2281 23,
263 2247 290 2274 5.

295 272 340 305 58
556 272 622 305 DE
649 271 860 305 UNITATE
886 270 1158 304 EOCLESIAE
1187 269 1556 304 CONSERVANDA.

295 385 561 428 desiderium
583 385 758 426 animus
779 384 1009 435 ewarserit,
1031 383 1070 424 si
1090 383 1181 424 iam
1200 381 1343 425 lumen
1366 383 1630 424 intrinsecus
1650 382 1790 437 respi-

295 441 366 494 cit,
390 442 431 482 si
455 443 504 483 in
525 455 567 482 se
575 441 806 496 flammam
826 441 948 496 iynis
969 440 1113 481 sancti
1119 438 1319 494 fervoris
1340 439 1550 491 accendit,
1576 440 1626 480 in
1647 452 1787 493 quan-

293 504 383 539 tum
421 497 541 539 locus
574 497 774 549 admittit,
811 497 859 537 in
891 501 1102 551 quantum
1133 509 1271 536 causa
1301 496 1450 551 exiqit,
1481 494 1678 538 debemus
1702 508 1790 550 pro

297 553 548 609 defensione
577 553 775 594 iustitiae
805 558 966 594 nosmet
995 552 1115 607 ipsos
1138 550 1299 593 obicere
1330 557 1367 592 et
1387 553 1608 606 perversis
1631 551 1691 592 ad
1719 551 1789 592 in-

295 611 416 651 iusta
436 608 773 664 erumpentibus,
793 610 922 651 etiam
944 623 1038 649 cum
1060 608 1112 649 ab
1133 608 1192 649 iis
1208 621 1296 648 non
1313 608 1581 662 quaerimur,
1603 607 1803 650 obviare.-

296 666 416 708 Nam
440 681 534 707 cum
556 665 785 718 iustitiam,
816 679 947 721 quam
967 678 1046 706 nos
1067 678 1279 716 amamus,
1310 664 1359 704 in
1383 663 1486 706 aliis
1492 662 1686 720 feriunt,
1714 677 1794 705 nos

298 721 435 764 nihilo
465 723 612 763 minus
642 735 727 762 sua
751 721 1034 777 percussione
1065 719 1337 775 confodiunt,
1369 720 1500 762 etiam
1529 721 1568 762 si
1589 719 1794 762 venerari

297 778 559 820 videantur'.

412 834 477 875 12.
522 832 644 874 Haec
675 838 920 874 sanctorum
951 837 1122 888 patrum
1155 830 1422 884 documenta,
1454 844 1562 888 quae
1584 830 1792 873 convertit

299 888 369 931 ille
398 903 625 945 perversus
654 888 711 930 ad
731 888 1024 931 confirmanda
1043 887 1252 930 bellorum
1282 887 1435 940 studia,
1464 901 1542 930 nos
1570 893 1793 930 teneamus

301 959 380 1002 pro
402 944 650 987 defensione
671 946 793 1001 pacis
817 951 859 987 et
871 958 1000 987 verae
1022 944 1223 998 iustitiae,
1246 944 1447 1001 quoniam
1468 943 1632 986 iustitia
1649 947 1691 985 et
1704 957 1794 998 pax

301 1000 516 1044 osculatae
547 1007 646 1043 sunt
666 1016 725 1054 se,
755 1016 894 1058 neque
914 999 999 1042 alia
1019 1001 1251 1042 sentiamus
1272 999 1326 1041 de
1347 999 1604 1056 supradictis
1625 999 1795 1041 ceteris-

302 1072 385 1114 que
416 1059 575 1100 sanctis
595 1057 805 1114 patribus,
833 1057 929 1099 ‘nisi
950 1071 1232 1113 quaecunque
1254 1062 1354 1098 sunt
1367 1070 1483 1110 vera,
1512 1069 1794 1120 quaecunque

299 1115 427 1168 iusta,
455 1128 736 1171 quaecunque
763 1119 923 1167 sancta,
953 1127 1231 1169 quaecunque
1251 1111 1466 1166 amabilia,
1497 1126 1606 1168 quae
1626 1117 1668 1154 et
1687 1110 1795 1153 d1di-

301 1171 419 1212 cistis
441 1177 484 1212 et
503 1169 707 1212 audistis'.
739 1169 825 1212 Sed
840 1170 998 1222 videte,
1015 1169 1205 1223 obsecro,
1221 1175 1264 1211 et
1279 1168 1484 1211 attendite
1500 1182 1552 1210 ea
1569 1181 1796 1224 quaopor-

298 1232 360 1269 tet
375 1225 608 1283 diligentia,
625 1240 757 1282 quare
772 1225 963 1268 intulerit
977 1225 1046 1268 ille
1058 1225 1348 1282 suprascripta
1363 1231 1609 1267 sanctorum
1624 1229 1796 1281 patrum

297 1283 554 1335 testimonia,
595 1281 760 1325 scilicet
796 1283 1000 1339 quoniam
1031 1281 1229 1325 Clemens
1258 1295 1373 1337 papa
1402 1295 1533 1338 super
1561 1280 1627 1323 his
1658 1278 1794 1334 malis,

300 1353 410 1395 quae
447 1339 557 1380 fiunt
590 1339 635 1380 in
674 1338 868 1393 ecclesia,
909 1338 1024 1382 dolet
1061 1344 1103 1381 et
1131 1338 1334 1391 tristatur,
1371 1351 1480 1394 quae
1510 1342 1553 1379 et
1581 1350 1659 1379 nos
1687 1336 1795 1392 pati·

298 1410 407 1448 mur,
452 1395 676 1452 quoniam,
717 1396 766 1437 ‘si
802 1395 963 1451 patitur
999 1409 1132 1436 unum
1172 1392 1435 1446 membrum,
1481 1392 1797 1450 compatiuntur

300 1452 442 1493 omnia
480 1450 696 1504 membra,
734 1457 776 1494 et
814 1451 850 1493 si
915 1450 1093 1493 loriatur
1127 1465 1260 1492 unum
1303 1448 1567 1504 membrum,
1612 1462 1796 1504 congau-

298 1508 401 1550 dent
436 1508 579 1549 omnia
615 1506 831 1549 membra'.
886 1466 1015 1563 {Ergo
1045 1521 1140 1549 cum
1172 1507 1226 1548 sit
1254 1505 1368 1548 faeta
1397 1506 1553 1549 divisio
1591 1506 1637 1548 in
1666 1505 1798 1548 eccle-

300 1565 376 1619 sia,
419 1563 501 1605 illis
546 1564 804 1606 exeuntibus
848 1577 874 1604 a
909 1564 1048 1616 nobis,
1097 1578 1182 1605 non
1218 1562 1341 1605 nobis
1378 1561 1433 1605 ab
1478 1561 1561 1604 illis
1575 1570 1604 1617 ¹,
1647 1562 1796 1603 inscri-

300 1620 444 1662 bimur
477 1626 620 1662 tamen
655 1625 698 1662 et
731 1619 1079 1675 blasphemamur
1118 1619 1350 1661 scismatici
1389 1633 1496 1672 esse,
1534 1619 1608 1675 qui
1648 1631 1796 1659 sumus

301 1675 346 1716 in
390 1680 493 1727 toto,
537 1690 624 1717 non
665 1676 710 1717 in
753 1675 995 1732 aliquorum
1038 1683 1173 1731 parte,
1218 1681 1260 1717 ct
1302 1674 1606 1730 praedicantur
1647 1673 1709 1715 illi
1745 1688 1796 1715 ac

302 1731 611 1774 beneficiantur
649 1731 847 1773 catholici
884 1746 991 1786 esse,
1029 1745 1209 1788 quorum
1252 1745 1364 1772 unus
1404 1730 1608 1772 audacior
1642 1730 1797 1772 ceteris

302 1786 433 1829 audet
471 1788 598 1829 etiam
638 1788 808 1844 scriptis
843 1794 1010 1843 partem
1049 1787 1114 1829 sui
1154 1787 1353 1842 Gregorii
1389 1786 1615 1829 defendere
1653 1792 1696 1829 et
1735 1786 1798 1828 sic
1851 1802 1853 1804 ·

302 1844 413 1885 inter
457 1849 597 1886 cetera
639 1843 872 1901 respondet
906 1844 960 1886 ad
999 1843 1114 1886 dicta
1155 1842 1385 1886 Clementis
1424 1857 1582 1899 papae:
1629 1842 1798 1885 Asserit

304 1901 446 1953 etiam,
485 1900 638 1956 inquit,
668 1901 927 1956 praedictus
970 1901 1263 1942 calumniator
1307 1915 1360 1941 ece
1404 1901 1630 1942 occasione
1665 1914 1797 1954 prae-

305 1957 541 1998 dicationis
581 1957 903 2010 catlzolicorum,
947 1961 1050 1998 ‘non
1088 1957 1201 1998 enim
1240 1971 1475 2011 possumus
1519 1955 1692 2011 aliquid
1722 1955 1798 1997 ad·

304 2027 453 2054 versus
482 2013 718 2066 veritatem,
751 2013 826 2054 sed
854 2027 940 2068 pro
971 2013 1163 2054 veritate'
1193 2027 1289 2054 cum
1319 2011 1514 2067 apostolo
1546 2011 1797 2064 dicentium,

305 2074 395 2110 tam
435 2069 483 2110 in
529 2068 684 2111 Italico
725 2084 856 2124 quam
893 2071 943 2112 in
981 2069 1243 2112 leeutonico
1282 2083 1418 2125 reyno
1446 2068 1554 2122 fleri
1591 2068 1798 2122 rapinas,

305 2125 528 2178 incendia,
574 2126 886 2167 destructiones
935 2124 1229 2177 ecclesiarum,
1278 2126 1459 2178 ‚qemitus
1509 2130 1547 2165 et
1594 2123 1798 2178 suspiria

307 2182 608 2234 orphanorum
637 2188 675 2223 et
702 2182 952 2224 viduarum.
998 2182 1116 2223 Huic
1148 2180 1355 2237 quiddam
1389 2178 1527 2222 simile
1552 2179 1798 2221 conclama·

307 2237 412 2279 bant
441 2243 479 2278 et
508 2237 671 2279 Iudaei
699 2239 749 2280 in
779 2238 1080 2294 Redemptoris
1110 2238 1251 2279 nostri
1282 2237 1517 2278 occisione:
1548 2235 1798 2278 ‘Commovit

301 2292 530 2349 populum,
576 2294 732 2336 docens
767 2309 855 2349 per
897 2296 1146 2336 universam
1190 2293 1403 2334 Iudaeam
1442 2298 1479 2334 et
1515 2292 1736 2346 incipiens
1768 2306 1797 2332 a

310 2348 515 2392 Galilaea
545 2364 679 2405 usque
709 2350 819 2391 huc’.

425 2405 490 2447 13.
542 2405 687 2447 Nostis
717 2419 819 2447 vero
850 2405 923 2461 qui
953 2404 1221 2460 euangelium
1251 2402 1427 2459 legistis,
1459 2416 1570 2458 quae
1599 2401 1798 2444 dominus

308 2460 429 2502 Iesus
458 2460 561 2503 fecit
590 2468 631 2504 et
651 2461 857 2515 docuerit,
887 2461 1102 2517 quomodo
1133 2461 1335 2502 sanitates
1361 2473 1586 2515 corporum
1617 2465 1660 2500 et
1680 2473 1799 2500 cura-

308 2516 447 2558 tiones
476 2518 717 2558 animarum
749 2523 948 2573 operatus
976 2518 1051 2571 sit3
1085 2516 1267 2572 ideoque
1298 2516 1464 2558 scribae
1495 2521 1536 2557 et
1566 2514 1798 2568 Pharisaei,

310 2570 364 2613 de
406 2571 514 2614 falsa
547 2573 709 2615 iustitia
742 2579 1076 2628 praesumentes,
1106 2571 1328 2614 beneficiis
1372 2573 1462 2614 eius
1503 2578 1544 2614 et
1572 2571 1800 2614 virtutibus

309 2627 577 2682 invidebant,
623 2635 665 2670 et
701 2643 812 2685 quae
850 2643 1009 2684 negare
1051 2629 1332 2685 nequiverant
1382 2629 1553 2670 sinistra
1595 2628 1798 2684 interpre-

309 2685 469 2726 tatione
505 2690 746 2741 pervertere
790 2683 1058 2738 laborabant,
1093 2693 1134 2727 et
1172 2692 1348 2741 propter
1385 2684 1520 2726 multa
1557 2684 1647 2727 eius
1686 2684 1800 2726 bona

310 2754 441 2796 opera
482 2755 618 2797 usque
662 2740 717 2782 ad
757 2747 936 2783 mortem
973 2742 1188 2796 persecuti
1225 2748 1324 2783 sunt
1353 2756 1463 2795 eum,
1503 2739 1799 2793 acclamantes,

310 2811 408 2838 eum
446 2798 741 2839 commovisse·
769 2796 998 2852 populum,
1038 2798 1238 2853 quoniam
1278 2796 1463 2854 populus
1501 2797 1546 2838 in
1586 2796 1652 2838 his
1690 2810 1799 2852 quae

309 2852 494 2908 gloriose
533 2852 693 2895 fiebant
728 2852 1021 2895 admirabatur
1058 2860 1100 2896 et
1128 2852 1395 2909 glorificabat
1423 2853 1579 2894 Deum.
1653 2851 1800 2894 Phari·
1862 2859 1865 2860 ’

312 2937 346 2978 1)
382 2937 435 2970 Of.
464 2937 635 2982 Cypriani
667 2937 775 2971 illud.-
812 2937 892 2971 Non
921 2937 1012 2971 enim
1037 2949 1100 2971 nos
1129 2938 1172 2971 ab
1199 2937 1281 2980 illis,
1308 2937 1371 2971 sed
1394 2937 1448 2971 illi
1475 2949 1497 2970 a
1521 2936 1620 2971 nobis
1647 2946 1796 2971 recesse-

308 2990 404 3027 runt,
432 2987 551 3030 Opera
575 2999 610 3030 p.
639 2987 721 3021 220.
