1878 3308
306 281 375 313 102
559 282 625 315 DE
653 282 864 315 UNITATE
892 281 1165 315 ECCLESIAE
1194 281 1563 316 CONSERVANDA.

300 396 451 451 miyra
479 397 528 437 in
549 400 731 437 montem
760 395 871 436 sicut
894 394 1080 450 passer?
1110 393 1155 436 id
1184 399 1249 436 est
1275 394 1386 435 sicut
1413 392 1614 449 prudens.
1658 390 1804 433 Latuit

255 484 258 487 ι
300 451 417 493 enim
438 449 508 492 hic
529 449 746 492 Adelbero
776 450 820 491 in
844 447 1051 492 altissima
1072 449 1259 507 quadam
1287 450 1536 504 munitione,
1567 461 1677 506 quae
1697 447 1801 489 dici-

111 1339 213 1366 1.10h.
227 1339 252 1374 2,
261 1339 289 1366 6.

303 512 374 549 tur
408 506 561 549 Latine
592 506 874 559 Mons-vini1,
917 513 958 549 et
986 505 1087 548 licet
1117 507 1289 563 saepius
1319 505 1542 549 offerretur
1571 505 1611 548 ei
1640 503 1799 560 legatio

303 562 512 605 Henrichi
541 564 600 605 im
635 563 811 605 cratoris
853 568 898 604 et
936 562 1193 619 supplicatio
1224 562 1445 604 commissi
1473 561 1630 618 gregis,
1660 565 1710 602 ut
1737 574 1800 602 re·

301 625 539 662 verteretur
567 578 630 661 ad
644 618 883 661 custodiam
904 619 1179 675 episcopatus
1200 619 1279 672 sui,
1308 617 1445 660 noluit
1467 624 1610 660 tamen
1629 617 1801 659 reverti.>

302 675 420 718 Ecce
459 676 607 718 scribit
650 674 843 717 Isidorus
895 675 1156 732 episcopus²
1196 676 1240 716 in
1280 674 1320 717 8.
1359 673 1467 717 libro
1504 671 1797 729 Etymologia-

301 746 417 773 rum:
447 742 624 782 Montani,
650 732 862 788 inquiens,
898 741 1041 775 heretici
1073 740 1160 775 dicti
1191 746 1293 782 sunt,
1325 740 1420 783 quod
1453 744 1606 783 tempore
1633 749 1821 783 φονῶσιν,

302 791 408 825 tionis
442 791 480 824 in
514 789 687 826 montibus
722 792 902 824 latuerunt
935 796 967 824 et
999 802 1042 824 ea
1078 790 1258 824 occasione
1289 799 1325 822 se
1360 799 1384 821 a
1418 788 1610 822 catholicae
1634 787 1799 822 eccleciae

302 856 448 888 corpore
474 843 682 881 diviserunt.
734 835 862 888 Quod
888 835 924 876 si
942 835 1047 877 tales
1067 835 1240 878 fuerunt
1267 833 1445 876 heretici
1472 832 1685 890 fugientes
1706 847 1801 898 per-

301 890 581 943 secutionem,
623 890 727 947 quid
771 891 846 946 illi,
886 891 962 947 qui
1000 891 1182 934 oderunt
1218 905 1370 947 pacem
1410 895 1452 932 et
1488 895 1640 946 sponte
1677 888 1799 931 duni-

301 953 450 989 serunt
478 945 684 990 ecclesiae
713 947 951 991 unitatem?
995 947 1103 1000 Quis
1124 962 1226 990 vero
1258 945 1470 989 custodiet
1499 959 1601 988 oves
1631 961 1658 988 a
1679 944 1800 1001 lupo-

301 1017 398 1044 rum
435 1001 616 1056 insidiis,
660 1005 830 1060 quando
871 1003 1030 1046 deserit
1073 1019 1147 1046 eas
1186 1017 1290 1045 cura
1328 1001 1545 1058 pastoris?
1605 1011 1687 1053 Qua
1721 1023 1799 1045 con-

302 1068 463 1111 scientia,
490 1059 630 1115 inquit
658 1059 747 1102 Leo
777 1066 932 1117 pap-2⁸,
962 1070 1127 1103 honorem
1161 1070 1230 1103 sibi
1262 1068 1452 1103 sacerdotii
1476 1066 1691 1111 praestitum
1716 1077 1798 1121 νεμ-

303 1123 437 1166 dicant,
471 1124 534 1168 qui
553 1137 622 1168 pro
649 1125 838 1160 animabus
865 1126 933 1159 sibi
958 1125 1099 1158 creditis
1124 1136 1196 1158 non
1223 1123 1413 1158 laborant?
1462 1122 1700 1164 Con-siderent,
1726 1117 1799 1166 alt,

303 1173 428 1206 milites
464 1172 604 1216 Christi,
642 1174 766 1208 iccirco
807 1186 843 1208 se
878 1174 1004 1208 cotidie
1037 1174 1180 1207 calicem
1217 1172 1347 1206 Christi
1379 1172 1566 1216 sanguinis
1600 1170 1726 1213 bibere,
1761 1176 1800 1205 ut
1845 1188 1847 1190 ·

297 1227 438 1271 possint
473 1231 504 1261 et
535 1229 606 1271 ipsi
636 1234 782 1272 propter
807 1229 982 1263 Christum
1016 1228 1224 1273 sanquinem
1240 1228 1412 1272 fundere.
1463 1217 1562 1259 HOC
1590 1223 1657 1258 est
1685 1217 1800 1258 enim

302 1271 410 1315 velle
449 1286 547 1314 cum
585 1273 758 1316 Christo
796 1275 993 1328 inveniri,
1030 1273 1075 1315 id
1115 1272 1229 1330 quod
1268 1272 1463 1315 Christus
1502 1278 1545 1315 et
1583 1272 1731 1315 docuit
1760 1278 1802 1315 et

303 1328 406 1371 fecit
434 1329 606 1384 imitari,
637 1330 872 1372 secundum
901 1329 1137 1373 Iohannem
1167 1327 1409 1385 apostolum
1439 1328 1671 1371 dicentem:
1713 1327 1802 1378 Qui

304 1386 412 1428 dicit
450 1400 492 1427 se
530 1388 579 1428 in
615 1386 785 1429 Christo
825 1402 1015 1439 manere,
1057 1385 1174 1427 debet
1211 1386 1419 1441 quomodo
1458 1384 1530 1428 ille
1561 1384 1802 1427 ambulavit

303 1448 342 1484 et
368 1443 463 1497 ipse
495 1443 731 1485 ambulare.
789 1442 907 1499 Ergo
949 1441 1145 1485 Christus
1180 1441 1358 1483 daturus
1393 1442 1646 1498 sanguinem
1675 1455 1800 1483 suum

302 1512 382 1555 pro
404 1497 538 1540 salute
558 1499 690 1541 totius
710 1498 861 1542 mundi
890 1499 1067 1541 intravit
1086 1496 1359 1539 Hierusalem
1390 1511 1489 1539 cum
1514 1497 1665 1551 turbis,
1691 1512 1802 1554 quae

302 1553 620 1610 praecedebant
657 1561 698 1597 et
737 1570 846 1612 quae
883 1555 1172 1612 sequebantur
1202 1553 1435 1596 clamantes
1466 1553 1655 1607 Osanna,
1693 1567 1802 1619 quae

304 1615 347 1651 et
377 1610 625 1653 sternebant
649 1612 689 1653 ei
717 1612 761 1652 in
781 1613 853 1654 via
872 1612 1125 1654 vestimenta
1146 1624 1237 1663 sua,
1266 1609 1519 1652 humilitatis
1550 1616 1595 1652 et
1612 1610 1802 1652 iustitiae

303 1666 503 1720 insignia,
540 1667 666 1709 simul
709 1674 752 1709 et
785 1682 927 1709 ramos
963 1666 1216 1722 palmarum,
1261 1666 1588 1720 praetendentes
1629 1666 1801 1731 pietatis

307 1736 450 1777 opera.
509 1722 595 1764 Sed
616 1722 835 1767 Adelbero
865 1722 1057 1765 introivit
1088 1736 1185 1763 cum
1205 1720 1308 1762 viris
1338 1722 1597 1777 sanguinum
1627 1736 1672 1763 1n
1698 1722 1801 1764 civi-

304 1783 435 1820 tatem
467 1778 759 1834 wirziburga‚
797 1778 944 1835 fugato
987 1777 1089 1819 inde
1125 1775 1408 1832 Meginhardo
1453 1778 1673 1834 episcopo,
1710 1792 1802 1820 suc·
1847 1802 1850 1804 ·

305 1848 476 1876 cessore
502 1848 593 1888 suo,
625 1841 753 1891 atque
783 1835 1055 1890 imperatoris
1085 1832 1315 1889 pracsidio.
1361 1833 1473 1875 Tum
1495 1833 1668 1890 quidem
1688 1833 1802 1876 deci-

304 1905 399 1932 mus
429 1896 520 1932 erat
548 1905 698 1944 annus,
729 1898 959 1947 postquam
987 1890 1102 1932 idem
1133 1887 1349 1931 Adelbero
1377 1889 1548 1945 fugerat
1577 1889 1632 1932 de
1648 1890 1803 1932 Wirzi-

304 1946 509 2002 burgensi
555 1946 736 1989 ecclesia
771 1948 903 1988 immo
944 1946 998 1988 de
1036 1944 1245 1987 catholica
1282 1945 1478 1999 ecclesia,
1523 1952 1567 1988 et
1604 1947 1802 2003 quamvis

305 2017 436 2059 saepe
471 2003 525 2045 ab
557 2001 752 2056 ecclesia,
784 2018 913 2059 saepe
943 2002 998 2045 ab
1029 2003 1288 2058 imperatore
1317 2001 1374 2043 ad
1401 2003 1632 2058 pristinum
1662 2002 1801 2059 digni-

303 2059 402 2100 tatis
440 2072 541 2101 suae
579 2058 723 2101 locum
761 2060 817 2101 sit
852 2060 1116 2110 reinvitatus,
1159 2058 1316 2100 reverti
1351 2064 1496 2101 tamen
1531 2058 1679 2113 noluit,
1722 2059 1806 2101 nisi

303 2113 486 2157 fortasse
530 2129 581 2157 eo
627 2130 711 2171 quo
747 2115 911 2157 dictum
951 2123 993 2158 et
1027 2115 1188 2157 factum
1231 2119 1296 2156 est
1333 2114 1462 2156 modo
1505 2116 1803 2171 episcopatum

303 2185 429 2212 suum
449 2172 658 2227 sanguine
679 2171 910 2213 multorum
931 2171 1154 2213 hominum
1173 2169 1383 2213 redimere
1404 2171 1643 2226 contigerit.
1687 2171 1803 2214 Ecce

304 2226 358 2268 de
389 2226 600 2269 eiusmodi
630 2227 781 2270 scribit
811 2227 1054 2283 Cyprianus
1093 2227 1324 2292 episcopus
1364 2226 1417 2269 de
1456 2227 1619 2270 unitate
1659 2227 1801 2270 catho-

302 2282 413 2324 licae
442 2283 694 2326 ecclesiae⁴z
733 2292 967 2328 Ave-samius
1001 2298 1061 2334 est,
1097 2297 1307 2338 lanlenS‚
1345 2292 1426 2325 talis
1461 2296 1565 2336 atque
1586 2291 1801 2337 fugiendus,

304 2342 464 2386 quisquis
481 2343 600 2387 fuerit
626 2344 670 2376 ab
697 2342 843 2376 ecclesia
869 2348 1076 2385 separacus‚·
1100 2353 1289 2385 perversu-3
1315 2347 1365 2375 est
1391 2341 1595 2375 huiusmodi
1627 2346 1659 2375 et
1677 2348 1803 2385 peccat

306 2397 338 2424 et
364 2396 414 2424 est
439 2403 463 2424 a
487 2398 592 2426 semet
616 2392 694 2435 ipso
722 2392 926 2425 damnatus.
961 2390 1019 2424 An
1036 2390 1104 2424 sibi
1122 2390 1260 2433 aliquid
1287 2401 1359 2423 esse
1386 2400 1463 2422 cum
1489 2389 1624 2423 Christo
1650 2391 1801 2434 videtum,

306 2439 368 2482 qui
385 2441 557 2474 adversus
575 2441 772 2474 sacerdotes
795 2439 924 2473 Christi
939 2439 1036 2483 sacz't
1061 2445 1093 2472 et
1118 2439 1232 2482 quise
1252 2451 1274 2472 a
1293 2439 1382 2472 clero
1409 2438 1484 2472 eius
1510 2443 1542 2472 et
1560 2439 1676 2481 plebis
1693 2440 1801 2473 socie—

306 2491 377 2521 tate
402 2488 574 2522 secernit?
622 2488 734 2522 Arma
759 2489 818 2521 ille
844 2493 966 2522 contra
991 2486 1170 2521 ecclesiam
1189 2493 1323 2530 portat,
1350 2491 1472 2520 contra
1495 2486 1568 2520 Dei
1600 2486 1800 2531 dispositio—

304 2547 384 2569 nem
400 2541 588 2581 repuynat,
616 2537 723 2571 hostis
742 2537 878 2576 altaris,
906 2538 1079 2571 adversus
1097 2536 1306 2580 sacrificium
1327 2534 1457 2568 Clo-isti
1471 2536 1622 2578 rebellis,
1642 2548 1713 2581 pro
1725 2537 1803 2581 fide

303 2585 472 2628 perfidus,
494 2597 564 2628 pro
581 2586 748 2629 religione
773 2584 976 2628 sacrilegus,
1003 2585 1232 2627 inobsequens
1251 2595 1385 2626 servus,
1403 2584 1504 2627 filius
1521 2584 1662 2628 impius,
1678 2586 1803 2628 frater

306 2633 482 2675 inimicus,
517 2634 718 2677 contemptis
754 2634 923 2677 episcopis
957 2638 988 2667 et
1013 2633 1084 2667 Dei
1113 2634 1352 2667 sacerdotibus
1379 2633 1565 2675 derelictis,
1592 2635 1800 2669 constituere

307 2682 415 2716 audet
450 2682 551 2716 aliud
590 2685 715 2724 altare,
743 2693 885 2725 precem
920 2684 1068 2716 alteram
1101 2682 1231 2716 illicitis
1265 2682 1407 2716 vocibus
1430 2682 1569 2726 facere,
1604 2682 1800 2718 dominicae

311 2757 341 2792 a)
364 2759 504 2786 wirtzib.
528 2761 543 2785 1
565 2766 792 2792 nonnumquam.

310 2823 345 2865 1)
379 2823 567 2856 Lambach
598 2825 635 2856 in
660 2823 804 2856 Austria
829 2823 1021 2866 superiore,
1056 2823 1116 2856 ubi
1144 2823 1354 2856 coenobium
1383 2823 1611 2865 condideram
1643 2823 1688 2857 cf.
1714 2824 1800 2856 Ber·
1831 2853 1833 2855 .
1860 2802 1878 2860 ,ζ’

307 2871 410 2905 noldi
435 2872 519 2906 Chr.
546 2884 581 2916 p.
608 2872 692 2906 450.
771 2871 810 2915 2)
838 2872 968 2905 Isidori
997 2873 1116 2915 Opera
1143 2872 1212 2912 ΙΙΙ,
1239 2883 1273 2915 p.
1302 2872 1384 2905 355.
1461 2871 1501 2915 3)
1527 2874 1642 2916 Epist.
1668 2873 1800 2906 Leonis

309 2921 357 2953 ad
381 2922 576 2962 Tufibium,
603 2921 795 2954 Hinschius
823 2933 857 2964 p.
886 2921 967 2954 595.
1069 2922 1106 2962 4)
1135 2921 1304 2964 Cypriani
1330 2921 1449 2965 Opera
1472 2933 1508 2965 p.
1535 2921 1618 2955 225.
1645 2921 1728 2955 226.

1857 2869 1878 2879 ae

1857 2890 1878 2900 *-
