1878 3308
337 301 407 334 110
597 301 662 334 DE
689 299 902 333 UNITATE
930 297 1203 332 ECCLESIAE
1233 298 1600 333 CONSERVANDA.

336 426 465 469 quam
495 412 723 454 distractus
753 418 816 454 est
845 426 871 453 a
900 410 1096 453 custodia
1123 411 1272 453 matris
1301 425 1417 464 suae,
1455 409 1688 453 celebravit
1719 417 1837 454 nata-

234 487 320 515 1064.
334 469 418 511 lem
460 468 638 511 Domini
681 467 918 521 Goslariae,
963 466 1039 508 ubi
1078 467 1189 509 inter
1233 466 1523 509 cubicularios
1562 467 1757 524 episcopi
1796 473 1838 509 et

335 524 505 568 abbatis
536 529 743 567 certatum
775 529 839 566 est
868 523 1027 580 pugnis
1057 529 1100 564 at
1133 537 1186 565 ue
1207 522 1419 565 scamellis
1447 537 1527 580 pro
1556 522 1701 566 herilis
1722 523 1836 565 sedis

335 581 560 639 positione,
593 595 690 623 cum
721 578 782 621 illi
812 579 1031 622 vindicare
1061 593 1115 621 vo
1133 580 1297 621 uissent
1326 579 1532 636 episcopo
1569 593 1647 622 suo
1677 579 1837 636 princi-

332 651 433 695 pem
468 636 608 679 locum
649 637 771 678 iuxta
809 635 1090 692 Moguntinae
1130 634 1339 678 ecclesiae
1376 635 1627 701 episcopum
1660 635 1707 677 in
1737 649 1836 678 con-

332 700 465 736 ventu
502 694 648 749 regiae
688 692 890 735 sessionis
928 693 972 734 in
1009 691 1189 734 ecclesia
1225 696 1402 747 propter
1432 689 1710 748 privssegium
1738 706 1834 749 par-

332 749 506 792 rochiae
543 763 644 791 suae
661 756 687 802 ¹,
725 748 796 790 isti
834 754 976 790 autem
1015 754 1162 790 contra
1197 747 1372 790 tendere
1400 754 1578 804 propter
1605 747 1836 804 primatum

334 804 563 848 Fuldensis
600 804 802 846 abbatiae
812 811 842 846 ².
899 803 958 846 Et
995 810 1098 846 tunc
1128 803 1303 860 quidem
1333 804 1379 845 in
1407 811 1496 846 tam
1525 809 1693 846 sacrata
1720 803 1836 846 festi·

333 862 464 904 vitate
493 861 727 903 nativitatis
747 860 928 902 Domini
958 867 1165 903 certatum
1196 865 1272 914 est,
1303 860 1415 902 sicut
1444 859 1647 914 diximus,
1675 860 1836 916 pugnis

235 930 321 958 1065.
334 924 466 974 atque
509 915 734 970 scamellis,
781 916 936 958 deinde
979 931 1081 958 vero
1126 916 1170 957 in
1214 921 1460 972 pentecoste
1499 931 1567 959 res
1607 915 1837 972 gerebatur

334 973 503 1030 gladiis,
544 987 641 1015 cum
678 973 874 1029 utrique³
916 978 958 1014 et
992 987 1014 1014 e
1050 973 1224 1028 iscopus
1259 979 1302 1015 et
1330 971 1465 1014 abbas
1495 985 1662 1014 summo
1692 971 1834 1015 studio

335 1045 380 1073 se
423 1035 752 1086 praeparassent
794 1028 850 1070 ad
894 1034 998 1070 tuen
1031 1043 1104 1070 um
1149 1028 1351 1070 sessionis
1391 1042 1494 1071 suae
1533 1027 1691 1083 locum,
1735 1042 1835 1070 con-

333 1086 482 1129 tractis
511 1085 702 1142 undique
731 1083 876 1127 multis
907 1084 1164 1127 militaribus
1184 1085 1302 1128 viris.
1346 1084 1454 1128 Erat
1482 1085 1597 1128 enim
1626 1099 1683 1126 ex
1711 1091 1834 1141 parte

334 1142 530 1199 episcopi
573 1141 715 1183 senior
752 1140 822 1183 ille
857 1141 1089 1197 Egbertus,
1130 1140 1183 1183 de
1221 1155 1307 1196 quo
1348 1155 1480 1198 supra
1509 1140 1723 1195 diximus3
1762 1142 1850 1198 quiv

332 1205 723 1255 praeoccupaverat
747 1196 971 1240 ecclesiam
1000 1198 1206 1240 maiorem
1229 1195 1455 1239 Goslariae
1485 1211 1584 1239 cum
1614 1197 1703 1239 suis
1722 1197 1834 1254 pari-

334 1262 400 1298 ter
435 1261 479 1297 et
515 1254 710 1310 episcopi
746 1252 967 1307 militibus,
1007 1260 1050 1296 et
1086 1254 1198 1296 inter
1233 1253 1493 1310 pulsandum
1522 1252 1578 1295 ad
1607 1266 1832 1310 vesperam

188 1324 260 1351 Mai.
272 1325 320 1352 14.
333 1311 379 1352 in
407 1310 556 1367 vigilia
585 1315 855 1366 pentecostes
885 1309 1179 1352 consonabant
1206 1310 1367 1366 pariter
1394 1309 1695 1352 tumultuariae
1725 1308 1834 1351 sedi·

333 1368 483 1410 tiones.
542 1364 925 1422 Perrumpentibus
963 1367 1077 1408 enim
1120 1367 1233 1408 intra
1276 1365 1499 1408 ecclesiam
1541 1364 1832 1408 Fuldensibus

333 1424 387 1466 ad
425 1422 636 1466 auxilium
674 1424 901 1476 sociorum,
941 1420 1097 1479 quibus
1136 1423 1223 1464 iam
1263 1421 1515 1464 imminebat
1542 1422 1692 1464 mortis
1720 1421 1832 1478 peri-

334 1479 490 1534 culum,
520 1493 599 1535 pro
620 1479 760 1521 nefas!
793 1478 916 1520 multi
934 1478 1034 1520 hinc
1062 1478 1162 1521 inde
1183 1479 1314 1520 occisi
1343 1477 1571 1520 foedavere
1600 1477 1733 1520 caede
1754 1491 1833 1519 sua

334 1536 540 1593 templum
585 1535 671 1577 Dei
719 1541 761 1577 et
807 1534 938 1577 altare
986 1533 1114 1577 Dei4.
1173 1534 1401 1576 Eiusmodi
1447 1547 1551 1576 vero
1598 1533 1831 1590 impietatis

335 1591 463 1634 simul
511 1598 553 1634 et
601 1590 865 1633 crudelitatis
914 1596 1215 1634 testamentum
1264 1589 1522 1633 hereditavit
1572 1589 1643 1632 ille
1691 1589 1833 1632 senior

335 1647 554 1703 Egbertus
585 1662 714 1703 super
742 1648 955 1689 iuniorem
984 1647 1236 1703 Egbertum,
1266 1646 1402 1688 filium
1433 1660 1579 1700 suum3
1618 1645 1688 1688 cui
1717 1645 1831 1687 enim

334 1705 415 1746 iste
450 1709 660 1760 parceret,
691 1704 765 1759 qui
794 1710 977 1759 cognato
1013 1717 1090 1744 suo
1121 1703 1215 1758 regi
1244 1701 1463 1745 Henricho
1502 1715 1590 1744 non
1624 1702 1830 1758 pepercit,

336 1774 465 1817 quem
494 1759 583 1801 vita
610 1760 772 1815 pariter
808 1766 851 1802 et
886 1772 1018 1814 regno
1057 1759 1230 1815 privare
1260 1756 1427 1800 voluit?
1484 1757 1624 1814 Saepe
1654 1756 1853 1814 quidem,

334 1817 415 1858 iste
454 1815 597 1857 iunior
634 1815 852 1871 Egbertus
892 1821 1040 1856 contra
1077 1829 1224 1870 regem
1262 1814 1515 1867 coniuravit,
1545 1827 1674 1870 saepe
1703 1814 1832 1856 etiam

336 1887 430 1915 sese
466 1886 492 1913 a
533 1872 849 1913 coniuratorum
888 1871 1088 1913 societate
1126 1871 1181 1912 ad
1221 1885 1366 1926 regem
1406 1870 1615 1912 convertit
1648 1875 1690 1912 et
1717 1883 1832 1911 nunc

334 1927 487 1971 harum
515 1942 630 1969 nunc
659 1926 828 1969 illarum
858 1927 1045 1983 partium
1075 1926 1167 1968 fuit.
1211 1927 1328 1968 Ecce
1347 1926 1462 1967 enim
1490 1925 1588 1982 pest
1605 1924 1831 1981 praelium,

336 1984 452 2041 quod.
470 1991 637 2039 gestum
659 1998 753 2026 esse
782 1984 972 2025 diximus
1001 1983 1046 2024 in
1077 1983 1298 2039 episcopio
1315 1980 1680 2037 Wirziburgensis
1700 1981 1833 2024 eccle-

335 2041 437 2095 siae,
474 2039 550 2081 ubi
589 2040 703 2083 idem
742 2039 958 2095 Egbertus
993 2039 1157 2095 primus
1187 2046 1278 2081 erat
1314 2037 1368 2080 de
1396 2036 1667 2094 principibus
1699 2037 1833 2081 Saxo-

333 2098 443 2151 niae,
474 2102 572 2152 post
601 2096 682 2138 hoc
708 2111 812 2138 vero
842 2096 1076 2152 imperator
1105 2094 1351 2137 Henrichus
1380 2094 1556 2136 intravit
1585 2107 1683 2135 cum
1713 2108 1833 2136 exer-

335 2154 423 2195 citu
458 2168 536 2209 per
565 2152 848 2208 Thuringiam
878 2152 921 2193 in
954 2151 1189 2194 Saxoniam
1202 2159 1233 2204 ⁵,
1265 2151 1352 2204 ubi,
1382 2165 1482 2192 cum
1511 2163 1598 2193 non
1626 2149 1834 2192 auderent

335 2208 531 2252 Saxones
575 2215 711 2266 atque
749 2207 959 2264 Thuringi
1004 2207 1156 2250 offerre
1199 2208 1240 2249 ei
1284 2206 1552 2248 occasionem
1596 2205 1833 2262 pugnandi,

333 2271 425 2308 tum
466 2264 640 2321 quidem
669 2264 888 2321 Egbertus
918 2263 1124 2316 marchio,
1163 2269 1312 2319 utpote
1342 2263 1543 2318 princeps
1573 2261 1700 2304 huius
1730 2276 1831 2327 quo-

336 2336 418 2378 que
448 2320 562 2375 belli,
591 2320 866 2363 iureiurando
896 2320 1093 2377 promisit
1120 2319 1381 2376 imperatori,
1418 2324 1478 2371 ut,
1512 2319 1549 2360 si
1577 2316 1706 2360 vellet
1732 2317 1833 2360 mde

335 2379 571 2420 exercitum
609 2377 827 2430 reducere,
867 2391 961 2419 sese
992 2375 1250 2418 deditionem
1280 2374 1494 2417 facturum
1524 2388 1632 2427 esse,
1661 2374 1707 2414 in
1735 2372 1831 2416 loco

336 2432 498 2475 scilicet
533 2432 843 2478 Herosfeldiae.
902 2433 1083 2474 Factum
1129 2437 1192 2473 est
1235 2431 1307 2484 ita,
1343 2436 1386 2472 et
1422 2428 1564 2471 adhuc
1602 2429 1724 2472 testis
1768 2434 1832 2471 est

335 2488 619 2542 Herosfeldia,
650 2488 766 2544 quod
785 2489 847 2531 ibi
866 2488 1083 2543 Egbertus
1112 2486 1301 2528 marchio
1322 2485 1562 2550 supplicem
1582 2499 1628 2528 se
1648 2486 1831 2541 impera-

335 2545 418 2586 tori
439 2544 604 2597 obtulit,
628 2545 743 2600 quod
764 2545 802 2586 ei
822 2544 950 2586 fidem
980 2543 1220 2585 iuramento
1241 2543 1449 2598 promisut,
1476 2540 1593 2598 quod
1611 2540 1830 2583 marcham
1876 2591 1878 2593 ,

338 2652 376 2697 1)
413 2653 654 2686 Oonstitutum
691 2657 778 2694 erat,
813 2658 851 2685 ut
878 2653 979 2685 cuius
1006 2652 1178 2695 deinceps
1204 2653 1241 2683 in
1266 2651 1457 2695 parrochia
1482 2661 1544 2684 rex
1571 2654 1676 2690 essct,
1703 2651 1734 2683 is
1760 2659 1830 2682 non
1866 2677 1878 2683 ⁷.

336 2702 452 2736 solum
486 2701 635 2735 tutelam
661 2703 769 2744 regis,
797 2701 860 2734 sed
896 2702 1015 2734 omnia
1041 2701 1240 2744 susciperet
1266 2701 1413 2743 negotia
1445 2710 1537 2743 quae
1570 2700 1617 2732 ad
1642 2699 1830 2742 imperium
1875 2695 1878 2699 ⁴

336 2752 566 2795 pertinerent.
692 2750 730 2792 2)
768 2751 937 2792 Dignitas
975 2750 1146 2793 primatus
1187 2750 1342 2782 omnium
1383 2749 1551 2781 abbatum
1590 2747 1831 2780 Fuldensibus
1870 2778 1878 2790 ζ,

337 2811 430 2833 anno
458 2799 540 2833 968.
567 2799 612 2832 ab
640 2800 801 2832 Iohanne
822 2799 928 2832 XIII.
955 2809 1050 2842 papa
1076 2798 1208 2831 tradita
1234 2802 1299 2832 est.
1400 2796 1438 2841 3)
1465 2796 1676 2830 Lambertus
1703 2796 1830 2829 Weze-
1870 2796 1878 2819 '⁴

335 2849 447 2882 linum
474 2848 588 2882 solum
617 2849 778 2882 consulto
805 2859 905 2881 arma
931 2849 976 2882 ad
1005 2858 1161 2891 pugnam
1187 2857 1333 2890 parasse
1360 2846 1480 2880 tradit.
1590 2845 1630 2889 4)
1657 2845 1711 2878 cf.
1739 2853 1834 2888 quae*
1859 2871 1878 2882 ,

336 2894 549 2931 La'mbertus
585 2897 629 2930 de
663 2897 726 2931 illo
764 2898 957 2930 certamine
994 2901 1029 2930 et
1055 2897 1099 2930 de
1127 2900 1276 2929 cruenta
1300 2906 1419 2940 pugna
1453 2895 1476 2928 1.
1505 2905 1536 2927 c.
1571 2905 1607 2938 p.
1637 2894 1720 2927 163.
1748 2892 1830 2926 164.
1858 2891 1878 2901 ’““

337 2947 474 2980 scribit.
585 2945 623 2989 5)
649 2947 691 2980 A.
722 2946 828 2980 1087.
