1878 3308
7 2195 10 2197 Α
89 2163 251 2230 infidis

317 281 387 316 DE
412 280 627 316 UNITATE
655 279 928 316 ECCLESIAE
957 281 1325 316 CONSERVANDA.
1523 284 1586 317 101

201 393 272 439 29.
329 391 453 436 Haec
480 398 690 436 memorat
719 399 893 436 sanctus
924 392 1170 451 Cyprianus
1200 393 1345 450 episco
1378 409 1441 448 us,
1471 410 1589 437 vera-

90 449 199 493 citer
224 448 471 492 describens
502 463 611 506 quae
640 448 751 492 fiunt
777 450 934 492 nostris
963 463 1135 506 quoque
1163 450 1351 506 tempori
1384 464 1447 496 us,
1491 451 1588 492 Non

88 503 233 549 nolum
257 505 371 548 enim
394 504 576 548 ecclesia
605 519 684 562 per
702 506 872 548 hereses
902 512 945 548 et
965 505 1166 547 scismata
1186 505 1407 559 dividitur,
1438 513 1482 549 et
1501 520 1589 563 pax

89 559 283 618 undique
318 561 531 615 turbatur,
570 560 647 603 sed
685 563 815 604 etiam
853 561 1060 604 adversae
1098 562 1236 618 partis
1265 562 1458 619 episcopi
1486 577 1589 618 gau-

90 616 194 662 dent
220 623 266 660 et
290 616 507 661 laetantur
534 632 666 675 super
685 617 891 660 effusione
911 616 1088 660 humani
1116 617 1352 674 sanguinis,
1383 619 1485 676 quia
1503 633 1590 661 non

90 671 253 717 habent
278 674 446 717 viscera
473 674 687 716 fraternae
717 673 969 716 dilectionis.
1014 673 1222 730 Quisquis
1251 680 1395 716 autem
1426 682 1590 718 creatu-

62 780 66 782 ,
90 743 183 772 ram
202 729 290 772 Dei
317 730 535 773 hominem
564 744 651 772 non
672 728 824 785 diligit,
854 729 966 784 odit3
996 744 1136 786 neque
1157 731 1270 773 enim
1292 731 1390 773 odio
1410 730 1587 787 dignum

90 786 301 840 aestimat,
336 786 420 828 nisi
457 785 574 843 quod
616 784 779 828 malum
822 800 914 828 esse
957 785 1135 828 iudicat.
1193 786 1371 830 Heresis
1416 787 1590 844 quidem

90 841 442 884 Manichaeorum
470 847 607 899 putat,
636 841 849 886 humanae
868 847 1046 885 naturae
1067 842 1277 898 originem
1306 857 1400 886 esse
1430 857 1455 885 a
1474 844 1590 900 prin*-

91 897 188 955 cipe
215 896 503 952 tenebrarum,
532 912 757 940 assumens
787 898 832 940 in
860 898 1154 941 testimonium
1193 899 1259 941 sui
1289 899 1444 942 erroris
1474 899 1589 956 quod

90 952 197 996 dicit
237 954 284 996 in
325 953 551 1011 euangelio
593 953 830 996 Dominus:
880 955 960 997 Vos
1002 969 1056 997 eae
1087 961 1220 1010 patre
1260 956 1434 998 diabolo
1474 958 1588 998 estis.
1603 969 1669 996 Ioh.
1683 969 1710 1004 8,
1722 970 1773 997 44.

89 1009 215 1052 Bona
249 1015 316 1054 est
350 1011 513 1067 quippe
551 1011 689 1052 omnis
727 1017 894 1064 natura,
925 1012 1003 1052 sed
1065 1025 1112 1053 er
1139 1010 1402 1054 voluntatem
1433 1012 1588 1054 malam

90 1065 243 1108 vitiata
281 1072 348 1109 est
384 1065 570 1109 hominis
605 1073 771 1110 natura.
831 1066 920 1110 Sed
958 1081 1017 1108 un
1049 1082 1072 1109 e
1102 1066 1262 1110 dixerit
1290 1067 1504 1110 Dominus
1534 1068 1591 1110 ad

90 1121 288 1177 Iudaeos,
348 1123 394 1164 ui
421 1123 506 1165 iam
537 1122 802 1180 quaerebant
830 1137 928 1165 eum
958 1122 1174 1166 occidere:
1225 1124 1304 1167 Vos
1334 1139 1387 1166 ecc
1417 1125 1590 1168 diabolo

90 1179 207 1232 estis,
244 1192 303 1220 un
336 1193 359 1221 e
398 1178 494 1233 hoc,
530 1179 721 1235 inquam,
752 1179 923 1232 dixerit,
953 1179 1218 1222 ostendendo
1247 1179 1489 1236 subiungit:
1533 1182 1591 1223 E't

90 1234 325 1300 desyderia
341 1237 490 1292 patria
517 1237 651 1277 vestri
678 1235 809 1277 vultis
825 1236 997 1291 facere.
1044 1236 1166 1288 Quae
1195 1242 1294 1278 sunt
1322 1235 1435 1278 illius
1466 1236 1589 1293 desy-

90 1289 240 1333 dena?
267 1290 362 1344 Ille,
389 1291 541 1349 inquit,
572 1291 794 1334 homicida
815 1298 910 1333 erat
941 1292 993 1334 ab
1014 1293 1155 1336 initio.
1198 1292 1427 1335 Imitantur
1445 1300 1588 1334 autem

90 1359 192 1389 eum
221 1346 295 1404 qui
324 1352 424 1390 sunt
453 1361 508 1389 ex
536 1353 659 1404 parte
687 1346 814 1400 illius,
843 1361 895 1389 ac
923 1348 1102 1404 perinde
1132 1348 1334 1390 dicuntur
1369 1347 1444 1390 filii
1482 1349 1589 1401 eius,

92 1403 195 1460 quia
213 1408 315 1446 sunt
340 1403 578 1446 imitatores
603 1402 824 1445 homicidii
854 1402 980 1455 illius,
1012 1404 1087 1469 qui
1115 1418 1202 1446 non
1221 1403 1364 1460 gladio
1385 1410 1587 1458 armatus,

90 1471 179 1500 non
217 1458 328 1501 ferro
363 1459 584 1502 accinctus
622 1459 678 1501 ad
707 1459 894 1524 primum
931 1458 1147 1502 hommem
1177 1460 1296 1502 venit
1322 1461 1589 1518 verbumque

91 1513 252 1557 malum
288 1515 517 1558 seminavit
554 1522 597 1558 et
626 1514 798 1557 occidit.
857 1514 1064 1558 Similiter
1102 1523 1145 1558 et
1183 1516 1341 1558 occidit
1378 1531 1475 1558 eum
1543 1517 1588 1558 ui

90 1569 322 1669 persuadet
349 1569 478 1614 alicui
506 1570 633 1625 mala,
664 1571 901 1613 secundum
932 1572 1048 1628 quod
1079 1572 1185 1614 dicit
1202 1572 1451 1615 Psalmista:
1481 1573 1536 1616 Fi
1553 1574 1589 1616 ii
1600 1584 1754 1619 1²³-56,⁵·

13 1679 16 1682 Α
122 1628 328 1681 ominum,
363 1628 510 1670 dentes
540 1642 686 1670 eorum
725 1643 852 1669 arma
882 1634 921 1669 et
949 1629 1151 1683 sayittae,
1181 1635 1220 1669 et
1248 1628 1410 1684 linqua
1439 1644 1587 1671 eorum

121 1681 272 1726 ladius
311 1690 480 1726 acutus.
538 1683 657 1726 Ecce
693 1684 808 1725 enim
844 1682 915 1725 ille
952 1683 1155 1740 Hartvig,
1191 1683 1332 1727 dictus
1369 1684 1588 1741 quondam

89 1698 505 1796 {lagadaburgensis
525 1739 879 1796 metropolitanae
905 1739 1093 1783 civitatis
1113 1740 1355 1806 episcopus,
1375 1743 1591 1797 persuasit

88 1793 287 1853 plurimis
327 1801 442 1838 certe
479 1795 699 1838 effundere
736 1796 990 1852 sanguinem
1030 1796 1267 1851 hommum,
1304 1798 1378 1854 qui
1418 1803 1460 1839 et
1488 1797 1590 1840 fecit

90 1850 267 1894 caedem
293 1850 578 1908 plurimorum
609 1866 687 1908 per
713 1866 866 1894 manus
897 1851 980 1894 sibi
1001 1851 1103 1895 obse
1136 1854 1343 1907 nentium,
1374 1867 1471 1895 cum
1497 1855 1589 1909 qui-

89 1905 171 1950 bus
213 1914 257 1950 et
293 1914 393 1965 post
430 1908 668 1959 victoriam,
708 1906 762 1950 de
799 1921 886 1964 qua
922 1922 1054 1964 supra
1130 1910 1305 1962 iximus,
1349 1908 1589 1951 introduxit

89 1961 407 2006 Adelberonem
445 1964 492 2005 in
520 1963 774 2020 Wirziburg
811 1964 1028 2005 civitatem
1067 1963 1283 2020 quondam
1319 1965 1387 2006 sui
1425 1965 1588 2020 episco-

88 2025 231 2077 patus,
260 2033 392 2077 quam
421 2020 622 2062 amiserat
650 2019 791 2076 primo
851 2019 994 2061 uidem
1025 2020 1202 2076 proprio
1231 2019 1393 2062 iudicio
1414 2020 1587 2062 damna-

89 2083 174 2130 tus,
204 2075 358 2118 deinde
390 2074 599 2118 ecclesiae
630 2075 759 2117 etiam
789 2075 835 2116 iu
867 2075 950 2117 icio
980 2074 1287 2118 condemnatus
1307 2082 1437 2140 atque
1458 2075 1588 2132 depo·

91 2132 198 2174 situs
282 2137 479 2189 ostquam
516 2132 664 2188 posuit
701 2137 866 2188 partem
907 2144 1027 2172 suam
1065 2145 1163 2173 cum
1193 2130 1430 2188 hypocritis
1458 2138 1587 2188 atque

251 2145 349 2242 bus,
374 2187 591 2245 quoniam,
613 2188 724 2229 sicut
744 2186 811 2244 cy
844 2187 989 2228 rianus
1003 2195 1014 2217 ¹
1039 2188 1269 2243 episcopus
1290 2186 1452 2240 scribit,
1475 2188 1587 2244 quis-

91 2244 187 2310 quis
208 2244 397 2287 ‘unitatis
412 2243 686 2286 concordiam
707 2244 797 2285 sein
831 2243 876 2297 it,
896 2243 1025 2284 fidem
1077 2243 1228 2285 rimam
1249 2243 1432 2300 perfidia
1445 2250 1587 2299 poste-

89 2313 202 2343 nore
221 2300 429 2343 mutavit’.
460 2299 546 2342 Hic
570 2314 672 2341 sane
688 2298 902 2342 Adelbero
920 2257 1182 2364 praeclarior
1201 2306 1292 2342 erat
1313 2299 1464 2342 ceteris
1484 2313 1588 2342 suae

90 2357 224 2415 partis
262 2356 477 2414 episcopis
517 2362 560 2398 et
587 2354 809 2398 nobilitate
838 2363 997 2411 pariter
1027 2362 1069 2398 et
1097 2356 1274 2398 scientia
1301 2369 1351 2396 ac
1380 2355 1588 2411 religione

91 2412 219 2456 simul
256 2419 299 2456 et
333 2418 485 2467 aetate,
523 2418 671 2469 utpote
712 2413 786 2469 qui
815 2411 901 2453 iam
932 2411 1040 2454 obiit
1068 2411 1182 2454 circa
1211 2411 1587 2468 quadragesimum

90 2482 251 2512 annum
282 2468 562 2511 ordinationis
591 2483 706 2511 suae.
752 2467 837 2509 Hic
867 2482 968 2523 ergo
1000 2482 1098 2509 cum
1130 2467 1278 2510 fuisset
1306 2469 1433 2510 etiam
1459 2468 1588 2524 parti-

91 2538 197 2582 ceps
232 2523 451 2568 electionis
488 2524 649 2581 pariter
678 2530 722 2566 et
752 2523 1032 2566 ordinationis
1060 2523 1260 2566 Ruodolfi
1290 2524 1402 2580 regis
1439 2530 1588 2566 contra

91 2581 106 2623 l
164 2581 328 2624 'timum
362 2595 509 2637 regem
539 2579 818 2634 Henrichum,
857 2594 911 2622 ne
940 2595 1037 2623 eum
1073 2595 1118 2622 se
1149 2580 1414 2636 contingeret
1441 2580 1587 2623 videre

90 2650 146 2681 ve
199 2635 372 2694 alloqui,
412 2642 566 2694 sponte
604 2636 768 2679 dimisit
804 2637 1100 2693 episcopatum
1140 2650 1263 2678 suum
1305 2642 1348 2678 et
1384 2635 1493 2692 fugit
1530 2635 1586 2677 ad

92 2691 336 2736 altitudines
358 2693 581 2746 montium,
602 2691 758 2735 oblitus
781 2707 895 2744 sane,
923 2691 1138 2749 quomodo
1160 2691 1266 2734 solet
1285 2691 1466 2734 eeclesia
1486 2705 1585 2732 cum

92 2747 320 2792 Psalmista
355 2748 497 2791 dicere
537 2755 685 2790 contra
728 2747 996 2790 altitudinem
1033 2748 1254 2791 doctrinae
1284 2747 1586 2790 hereticorum:

93 2804 149 2848 In
178 2805 369 2848 Domino
410 2804 605 2859 confid05
646 2804 853 2860 quomodo
892 2805 1040 2847 dicitis
1079 2806 1256 2847 animae
1285 2819 1415 2856 meae,
1444 2810 1586 2845 trans·
1600 2815 1751 2848 r·.xo,1.

96 2931 132 2972 1)
158 2930 213 2967 cf.
241 2932 413 2976 Cypriani
439 2932 559 2975 opem
585 2942 620 2975 p.
648 2930 731 2965 229.
