1878 3308
286 192 394 226 XXII
886 190 1172 226 PRAEFATIO.

278 311 500 362 puqnant.
564 304 688 355 Quod
725 309 867 345 autem
905 304 956 345 in
991 303 1073 345 bac
1109 318 1155 346 re
1190 303 1298 346 mali
1331 304 1457 357 inest,
1493 304 1542 346 id
1575 319 1664 347 com
1699 319 1770 346 en-

283 368 410 403 satur
438 377 484 404 eo
544 361 632 403 uod
656 359 920 402 Waltramus
949 374 1118 401 summa
1139 359 1450 425 probabilitate
1479 361 1608 403 etiam
1670 376 1690 403 e
1713 361 1773 403 iis

281 418 410 460 rebus
439 419 528 459 scri
556 419 602 470 it,
631 416 682 458 de
711 415 868 471 quibus
899 415 1079 458 aliunde
1108 415 1222 457 nihil
1254 417 1360 458 certi
1387 417 1651 460 audivimus.

397 472 486 516 Sed
519 473 771 515 historicum
841 486 947 513 enus
987 471 1209 513 scribendi
1244 487 1333 514 non
1364 471 1555 530 amplius
1578 474 1771 528 pertinet

313 545 416 571 uam
451 544 588 585 usque
626 528 686 570 ad
723 543 787 570 me
821 529 913 570 ium
949 534 1083 584 caput
1112 527 1179 570 37.
1238 527 1304 569 Ab
1342 527 1418 570 hoc
1462 528 1553 572 loco
1590 535 1771 586 pugnat

284 546 556 628 {valtramus
587 591 740 627 contra
760 585 994 627 monachos
1015 584 1370 639 Hirsauyienses.
1412 585 1532 627 Haec
1559 585 1770 641 refutatio
1809 607 1811 609 >

282 657 370 684 non
399 648 567 684 tantum
597 642 797 694 continet,
827 647 1039 697 quantum
1069 640 1293 693 hominem,
1323 641 1412 696 qui,
1441 642 1620 696 quantis
1640 640 1772 684 malis

285 704 407 740 aetas
428 703 713 754 premeretur,
745 696 847 739 bene
875 696 1146 750 intelleoeerit,
1177 697 1446 752 scripturum
1467 711 1557 739 esse
1570 703 1770 754 putares.

394 754 434 798 3.
495 755 636 797 Tertio
676 752 802 806 libro,
841 754 968 795 cuius
1002 753 1114 807 finis
1163 758 1240 794 aut
1276 753 1479 808 perditus
1523 758 1603 794 aut
1644 767 1769 796 num-

281 825 412 866 quam
445 809 669 866 perfectus
703 815 778 862 est,
815 809 1078 852 Waltramus
1117 809 1168 851 de
1206 810 1252 851 vi
1280 814 1650 852 sacramentorum
1679 809 1769 852 dis-

273 873 459 922 putans,
486 867 697 922 inprimis
716 865 961 922 Auyustini
979 866 1201 908 sententiis
1220 866 1369 919 nixus,
1391 880 1598 922 umquam
1616 879 1770 908 sacra-

280 929 423 966 menta
453 923 541 965 vim
569 937 694 965 suam
724 922 915 964 amittere
943 927 1085 978 neqat,

397 979 486 1022 Sed
508 979 611 1020 haec
633 979 856 1021 hactenus.
896 976 1020 1020 Satis
1050 978 1165 1019 enim
1192 978 1443 1032 exposuisse
1469 977 1581 1021 mihi
1607 976 1773 1031 videor,

281 1036 381 1091 quis
408 1035 513 1078 libri
543 1040 696 1077 auctor
715 1049 803 1076 esse
832 1040 871 1076 et
890 1048 1013 1090 quem
1021 1033 1159 1087 finem
1189 1039 1492 1090 aryumentwm
1520 1031 1625 1076 libri
1649 1033 1773 1089 sequi

281 1091 512 1133 videretur.
543 1091 811 1148 Priusquam
832 1096 974 1132 autem
993 1090 1108 1132 hane
1131 1103 1290 1132 novam
1312 1089 1542 1132 editionem
1565 1090 1615 1132 in
1633 1088 1771 1132 lucem

277 1148 460 1204 prodire
479 1147 618 1201 iubeo,
637 1162 776 1189 meum
797 1161 884 1188 esse
902 1152 1024 1201 puto,
1045 1147 1086 1188 ei
1105 1146 1278 1203 gratias
1302 1159 1446 1202 a9ere,
1467 1146 1545 1202 qui
1565 1144 1771 1202 aliquan-

282 1210 372 1246 tum
402 1204 577 1246 adiuvit
607 1203 669 1245 ad
705 1218 792 1245 rem
817 1201 1148 1258 perficiendam.
1206 1201 1325 1244 Nam
1362 1201 1445 1243 Dr.
1475 1201 1529 1243 K.
1558 1201 1771 1255 stane-ke,

281 1261 352 1302 vir
394 1261 689 1313 doctissimus,
740 1265 788 1300 ut
836 1272 1029 1315 quaeque
1068 1273 1184 1314 pars
1233 1258 1365 1300 huius
1407 1258 1608 1300 editionis
1652 1263 1668 1299 t
1692 1257 1773 1313 pis

281 1317 506 1372 eoescripta
542 1322 650 1369 erat,
689 1330 783 1358 eam
813 1314 1071 1371 corriqebat‚
1110 1329 1187 1356 nee
1223 1313 1362 1355 solum
1394 1313 1628 1356 nonnullos
1672 1327 1771 1356 ocos

281 1387 302 1414 e
330 1373 510 1428 scriptis
532 1378 715 1428 patrum
746 1370 1132 1414 ecclesiasticorum
1155 1368 1310 1412 allatos
1336 1370 1623 1426 comparavit,
1653 1383 1774 1426 quos,

281 1444 377 1471 cum
406 1429 515 1471 mihi
543 1443 634 1471 non
665 1442 807 1470 omnes
843 1427 947 1469 libri
977 1432 1159 1483 praesto
1195 1431 1348 1480 essent,
1387 1440 1476 1468 non
1504 1427 1772 1480 inveneram,

283 1485 357 1528 sed
387 1486 516 1528 etiam
544 1487 594 1528 in
622 1490 742 1526 teoetu
771 1483 1041 1526 emendando
1072 1482 1227 1539 aliqua
1255 1482 1357 1525 bene
1387 1481 1628 1524 admonuit.

970 1634 1030 1677 W.
1062 1633 1096 1677 S
1101 1631 1715 1678 CHWENKE'NBECHER.
