1878 3308
765 258 1053 293 PRAEFATIO.
1588 261 1662 295 v11

161 371 436 425 demonstret,
465 371 595 413 etiam
615 370 663 411 in
684 372 948 413 monasterio
978 370 1041 414 St.
1059 371 1322 413 Emmerami
1342 370 1523 414 alterum
1544 374 1661 415 codi-

160 442 248 471 cem
293 426 401 470 libri
447 427 590 469 nostri
623 426 791 482 fuisse,
834 433 924 468 tam
970 426 1081 468 leves
1122 433 1238 480 sunt,
1282 433 1330 469 ut
1376 442 1442 470 me
1489 429 1663 484 quidem

162 483 383 527 adducere
426 497 516 525 non
557 483 746 538 possint,
793 489 841 525 ut
884 498 981 525 eum
1024 497 1197 538 sequar.
1254 482 1388 537 Nam,
1431 489 1478 525 ut
1523 490 1662 526 cetera

157 541 295 584 missa
301 539 549 596 faciamus,
579 540 657 580 hoc
688 538 860 594 quidem
888 538 958 580 illi
976 539 1295 581 concedendum
1319 545 1394 592 est,
1426 537 1663 596 Georyium

158 595 413 639 Fabricium
442 595 492 637 in
513 593 624 637 libro
646 595 680 637 I.
711 609 858 637 rerum
879 594 1175 637 Blisnicarum
1192 609 1240 650 p.
1255 596 1325 648 90,
1357 611 1453 638 cum
1472 597 1525 638 de
1545 596 1661 638 Ben-

161 652 296 696 nonis
334 652 533 707 episcopi
563 652 846 707 paenitentia
885 656 1102 693 auctorem
1141 666 1409 708 anonymum
1455 651 1669 704 attulerit,

161 708 255 766 ‘qui
271 706 395 751 illius
415 708 621 762 temporis
643 707 869 749 historiam
891 721 976 766 pro
996 707 1259 762 imperatore
1278 709 1518 763 scripserit,
1539 723 1664 763 quem

160 765 211 807 in
242 763 347 806 aede
376 764 473 806 divi
502 763 753 805 Hemerami
781 763 1027 804 Aventinus
1056 763 1340 816 Ratisbonae,
1375 765 1425 805 in
1454 763 1664 806 F‘uldana

161 818 417 862 bibliotheca
459 819 679 861 Huttenus
722 819 961 871 invenerit’,
1004 833 1092 861 rem
1136 820 1280 874 ipsam
1323 820 1478 862 iisdem
1521 820 1665 862 verbis

159 889 294 932 prose
353 876 374 917 i
415 875 572 932 quibus
616 873 906 916 Waltramus¹
953 875 1005 916 de
1043 874 1192 917 eadem
1228 890 1275 916 re
1319 881 1483 921 utatur.
1542 876 1664 918 Num

162 945 264 974 vero
295 890 411 975 3:2oe
450 931 655 973 Fabricio
693 931 837 972 maior
876 931 932 972 sit
958 930 1076 984 fides
1107 931 1323 984 habenda,
1364 947 1495 987 quam
1525 931 1666 974 verbis

163 987 351 1031 Hem-ici
370 986 528 1030 Schutz
537 994 566 1039 ²,
598 987 675 1043 qui
693 987 814 1039 dicit,
844 986 1047 1029 Flacium
1069 986 1298 1044 Illyricum
1318 988 1466 1042 ipsum
1496 1002 1670 1045 quoquev

163 1058 193 1085 a
227 1041 416 1100 oloqiam
454 1042 684 1085 Waltrami
720 1042 922 1097 edidisse,
953 1043 1133 1085 dubium
1162 1049 1234 1089 est.
1298 1043 1491 1086 Ceterum
1527 1059 1668 1099 neque

207 1101 412 1142 ventinus
449 1114 635 1155 usquam
661 1097 905 1155 profitetur,
946 1113 991 1141 se
1020 1099 1167 1141 codice
1196 1098 1273 1141 illo
1303 1114 1430 1142 usum
1460 1114 1563 1153 esse,
1593 1116 1664 1142 ne-

163 1170 244 1213 que
273 1154 508 1198 verisimile
538 1161 613 1208 est,
643 1155 760 1196 hunc
787 1155 976 1197 codicem
1005 1155 1148 1198 eodem
1176 1155 1302 1198 modo
1333 1171 1385 1197 ac
1405 1154 1663 1198 Fuldensem

163 1226 410 1254 evanuisse.

274 1267 438 1309 Eodem
475 1267 664 1320 saeculo,
708 1281 793 1322 quo
831 1267 1050 1309 Huttenus
1092 1266 1252 1309 librum
1299 1273 1494 1309 nostrum
1539 1268 1666 1323 apud

165 1321 431 1379 Schefferum
469 1329 486 1364 t
510 1324 588 1378 pis
624 1322 956 1366 eoescribendum
994 1324 1180 1376 curavit,
1215 1323 1354 1365 edidit
1382 1338 1477 1365 eum
1507 1321 1662 1366 Simon

159 1377 410 1422 Schardius
425 1379 472 1420 in
504 1379 600 1421 ibro
616 1379 668 1420 de
688 1378 1009 1432 iurisdictione,
1028 1380 1287 1421 auctoritate
1302 1385 1342 1419 et
1354 1381 1659 1434 praeeminen-

162 1435 228 1477 tia
255 1433 482 1491 imperiali
511 1449 563 1475 ac
584 1439 795 1489 potestate
824 1432 1134 1488 ecclesiastica,
1165 1435 1299 1490 deque
1328 1435 1504 1477 iuribus
1533 1437 1663 1491 reqni

159 1495 200 1533 et
226 1491 414 1544 imperii,
443 1489 650 1532 Basileae
682 1489 804 1532 1566.
848 1489 999 1545 Neque
1027 1497 1171 1532 tamen
1203 1491 1308 1532 haec
1338 1491 1471 1533 editio
1501 1491 1659 1533 critica

160 1551 236 1600 est,
265 1546 343 1589 sed
368 1546 686 1602 redinteqratio
706 1545 914 1588 editionis
937 1546 1181 1602 principis.
1229 1545 1357 1595 Quod
1376 1547 1490 1589 idem
1510 1548 1658 1589 dicen-

161 1602 267 1644 dum
286 1608 347 1644 est
367 1602 419 1644 de
439 1602 639 1654 editione,
662 1616 793 1657 quam
807 1601 1023 1644 Freherus
1043 1604 1091 1644 in
1111 1617 1194 1643 sua
1214 1601 1458 1644 collectione
1472 1604 1656 1658 scripto-

160 1672 261 1700 rum
298 1672 446 1700 rerum
484 1657 850 1700 Germanicarum
893 1664 1091 1706 eaeeunte,
1115 1658 1287 1700 saeculo
1332 1658 1496 1701 decimo
1539 1665 1661 1701 seoeto

161 1715 347 1757 curavit.
406 1713 564 1756 Struve
594 1715 643 1755 in
668 1712 955 1768 praefatione
983 1713 1249 1756 collectionis
1276 1714 1458 1756 Freheri
1482 1730 1530 1770 p.
1560 1715 1657 1757 242.

163 1768 292 1813 dicit:
341 1769 530 1813 ‘Primus
578 1770 720 1827 iqitur
765 1769 843 1811 hoc
887 1771 1099 1826 scriptum
1151 1770 1371 1827 evulqavit
1422 1770 1660 1813 Udalricus

161 1825 218 1868 ab
255 1826 421 1868 Hutten
463 1840 518 1868 em
561 1826 707 1868 codice
742 1825 1020 1868 bibliothecae
1057 1826 1305 1878 Fuldensis,
1342 1827 1552 1881 praefiaea
1599 1827 1660 1869 ad

162 1881 498 1924 Fcrdinandum
548 1881 759 1924 Austriae
818 1882 1092 1924 archiducem
1145 1881 1443 1937 praefatione.
1527 1882 1661 1925 Hunc

163 1943 335 1981 secutus
349 1937 452 1994 fuit
480 1943 625 1979 noster
653 1937 882 1990 Frehemas,
915 1939 992 1993 qui
1019 1939 1070 1979 in
1098 1939 1306 1980 sectiones
1344 1938 1517 1994 quidem
1546 1937 1661 1979 illud

163 1993 384 2046 distinxit,
413 2007 594 2035 numero
622 1999 765 2035 tamen
802 2009 891 2035 non
923 1994 1104 2046 adiecto,
1135 1994 1184 2034 id
1212 1993 1330 2047 quod
1358 1994 1527 2035 demum
1543 1992 1662 2048 fecit

166 2046 418 2102 Goldmtue,
449 2063 573 2105 quem
601 2049 704 2090 inde
721 2048 901 2103 fuimus
930 2050 1077 2090 secuti.
1122 2048 1274 2104 Ipsum
1305 2054 1447 2090 autem
1470 2048 1658 2091 Waltra-

162 2119 278 2147 mum
311 2118 422 2160 opus
451 2119 579 2146 suum
608 2105 656 2145 in
678 2102 877 2159 capitula
898 2104 1166 2156 distinctius,
1198 2103 1401 2146 docemur
1429 2104 1478 2145 in
1508 2104 1580 2146 lib.
1597 2104 1659 2157 II,

164 2175 219 2203 ca
253 2193 264 2203 .
294 2160 334 2212 6,
365 2160 441 2202 ubi
467 2160 641 2202 scribit:
672 2160 793 2201 iuxta
822 2158 936 2216 quod
968 2159 1012 2200 in
1041 2158 1231 2202 seeundo
1261 2159 1386 2201 huius
1414 2158 1512 2201 libri
1544 2160 1659 2216 eapi-

161 2174 251 2259 tulp
280 2215 443 2258 dictum
473 2222 549 2258 est.
593 2215 666 2258 An
696 2230 795 2258 vero
826 2216 1048 2268 sectiones,
1079 2230 1191 2270 quas
1221 2230 1317 2257 cum
1349 2214 1559 2258 Goldasto
1588 2231 1658 2258 ex-

163 2271 370 2325 hibemus,
404 2273 492 2314 sint
529 2273 765 2329 qenuinae,
804 2271 902 2313 licet
942 2273 1116 2313 omnino
1147 2271 1361 2314 dubitare'
1392 2277 1466 2313 etc.
1526 2271 1659 2314 Hunc

161 2327 399 2371 Reherum
417 2329 560 2385 iqitur
579 2334 751 2370 secutus
772 2334 833 2370 est
855 2327 1066 2370 Melchior
1088 2326 1323 2369 Goldastus
1353 2328 1402 2369 in
1423 2327 1658 2384 Apoloqiis

159 2397 247 2440 pro
285 2385 547 2440 imperatore
578 2383 770 2426 Henrico
801 2383 830 2425 Ι
838 2384 879 2438 V,
919 2384 1151 2426 Hanoviae
1184 2383 1306 2426 1611.
1369 2381 1475 2426 Cum
1515 2389 1657 2426 autem

163 2440 288 2496 apud
310 2439 577 2483 Schardium
595 2439 710 2493 finis
740 2439 856 2482 tituli
886 2439 955 2482 hic
985 2445 1111 2482 esset:
1142 2438 1403 2482 ‘Cuiusdam
1433 2439 1527 2481 eius
1556 2445 1655 2480 tem-

155 2497 285 2552 poris
309 2495 508 2552 theoloqi,
534 2510 657 2551 quem
680 2496 862 2551 quidam
884 2495 1078 2538 Venerici
1096 2494 1371 2538 Vercellensis
1391 2509 1479 2537 esse
1507 2496 1656 2538 existi-

162 2553 310 2605 mant'‚
337 2551 586 2604 Goldastus,
603 2557 837 2607 postquam
858 2553 1154 2607 quaestionem
1175 2551 1227 2593 de
1249 2557 1422 2593 auctore
1442 2555 1534 2592 eius
1553 2550 1659 2593 libri

163 2609 272 2650 satis
317 2613 520 2650 accurate
555 2606 851 2663 perlustrasse
895 2608 981 2650 sibi
1022 2608 1144 2649 visus
1179 2613 1254 2659 est,
1286 2606 1478 2663 perinde
1522 2622 1573 2649 ac
1618 2608 1659 2648 si

164 2663 313 2704 omnia
348 2663 580 2719 eaeplorata
610 2669 810 2719 certaque
849 2664 952 2717 sint,
986 2662 1162 2705 scribit:
1198 2662 1583 2704 ‘Reverendissimi
1618 2669 1657 2703 et

163 2715 451 2760 illustrissimi
490 2719 722 2774 principis
778 2719 1011 2761 Waltrami
1061 2720 1258 2775 episcopi
1305 2717 1655 2774 Numburqensis

166 2844 203 2886 1)
230 2843 357 2878 Waltr.
384 2843 436 2883 11,
455 2843 515 2878 25.
622 2844 660 2886 2)
696 2844 982 2878 Commentarius
1017 2846 1095 2878 erit.
1123 2844 1167 2878 de
1194 2845 1336 2889 scriptis
1363 2849 1399 2878 et
1423 2844 1655 2888 scriptoribus

164 2893 288 2928 histor.
327 2892 481 2936 Ingolst.
511 2892 618 2926 1‘161.
656 2904 690 2936 p.
717 2894 801 2926 ⁶40.
