1878 3308
317 279 384 314 DE
410 280 622 315 UNITATE
649 282 923 317 ECC'LESIAE
950 282 1319 317 CONSERVANDA.
1539 283 1585 318 75

89 397 139 437 ot
155 390 320 449 lemmt
347 392 580 459 capitulum
610 393 856 451 quoddam⁸
886 409 942 436 ex
960 394 1142 438 decretis
1162 395 1451 437 Romanorum
1481 410 1586 451 pon·
1602 413 1692 442 10⁸5.

95 447 274 494 tifioum.
313 447 374 492 At
399 447 471 493 ille
499 450 687 493 surrexit
715 459 758 493 et
785 449 901 507 legit,
929 450 1145 508 quomodo
1164 450 1295 493 rebus
1324 451 1413 493 suis
1431 450 1587 508 aliquis

85 503 333 563 expoliatus
369 512 444 548 aut
481 519 509 547 a
546 506 646 549 sede
686 507 862 563 propria
895 507 939 549 vi
986 514 1061 549 aut
1097 512 1259 549 terrore
1299 506 1449 564 pulsus
1498 522 1585 550 non

87 568 233 619 potest
249 561 455 615 accusari,
481 563 641 616 vocari,
670 561 852 605 iudicari
871 569 947 605 aut
965 562 1174 616 damnari,
1194 570 1422 628 antequam
1443 565 1586 605 omnia

86 617 176 662 eibi
208 615 354 661 ablata
387 633 445 661 ex
483 618 548 661 int
605 633 653 661 ro
689 620 967 661 restituantur
1006 627 1048 662 et
1083 633 1182 661 cum
1212 633 1328 661 omm
1358 619 1584 684 privilegio

87 687 169 717 suo
187 673 255 716 ius
273 674 496 731 proprium
522 690 569 718 re
588 682 791 728 ormetur,
819 682 864 718 et
881 675 974 732 ipse
995 675 1176 732 pacifice
1206 675 1281 718 diu
1311 690 1399 718 Sms
1419 675 1587 719 fruatur

85 729 323 774 honoribus
338 762 350 785 ,
390 732 591 787 propriae
634 731 726 773 sedi
769 730 1023 787 regulariter
1068 732 1302 774 restitutus.
1371 731 1501 785 Quod
1543 740 1586 775 et

88 785 331 830 Nicaenum
373 787 594 831 constituit
638 785 880 841 concilium,
921 796 970 830 ut
1006 802 1132 830 nemo
1171 787 1425 844 pontificum
1463 803 1587 845 prae-

88 849 244 896 sumat,
281 841 466 900 aliquem
505 843 594 887 suis
623 843 891 900 expoliatum
929 844 1058 887 rebus
1095 845 1472 887 excommunicare
1509 851 1585 887 aut

90 897 298 942 iudicare.
352 898 424 941 Ad
460 898 566 942 haec
610 914 710 942 cum
746 899 1028 943 obmutuisset
1057 899 1339 943 Gebehardus
1370 899 1586 944 Saltzbur-

90 954 238 1011 gensis
265 953 472 998 ecelesiae
500 956 865 1013 archiepiscopus,
896 958 970 1014 qui
999 971 1175 999 causam
1203 956 1409 999 adversae
1449 957 1586 1013 partis

91 1017 185 1054 erat
218 1017 406 1065 aeturus,
445 1017 592 1069 utpote
630 1012 748 1069 apud
787 1027 888 1055 suos
926 1014 1115 1056 maxime
1144 1012 1213 1055 vel
1240 1014 1336 1069 ipsa
1366 1019 1586 1056 senectute

91 1081 172 1110 sua
212 1065 283 1110 vel
325 1068 504 1110 scientia
546 1070 631 1111 scri
662 1076 856 1111 tus-arum
892 1069 984 1111 sive
1024 1069 1090 1112 elo
1122 1070 1269 1112 uentia
1311 1069 1587 1123 reverendus,

91 1129 186 1167 mm
227 1122 402 1180 quidem
449 1123 592 1167 intulit
631 1083 913 1168 §Verinherus
961 1125 1100 1169 Merse
1133 1126 1330 1182 urgensis
1378 1125 1586 1168 ecclesiae

91 1193 118 1222 e
147 1179 336 1236 iseopus,
365 1179 441 1223 ubi
469 1180 516 1222 in
543 1180 780 1223 canonibus
809 1182 1015 1238 scriptum
1045 1188 1157 1224 esset
1184 1181 1347 1239 aliquid
1377 1181 1588 1224 eiusmodi

90 1193 147 1279 dg
182 1233 490 1279 mulieribus?¹
534 1236 593 1280 Et
622 1237 867 1280 Wezelinus
896 1237 1244 1294 archiepiscopus
1274 1238 1497 1294 porrigens
1526 1239 1588 1280 eis

91 1289 273 1335 libi-um:
303 1291 456 1346 ‘Ecce'‚
487 1293 639 1350 inquit,
668 1295 766 1350 ‘ipsi
786 1294 913 1350 legite
943 1308 1207 1351 consequens
1237 1293 1362 1336 huius
1382 1295 1445 1336 rei
1473 1295 1588 1336 testi-

92 1347 298 1402 monium,
327 1348 543 1405 quomodo
573 1349 672 1392 huic
703 1364 874 1407 quoque
903 1353 1027 1392 sexui
1058 1365 1083 1392 o
1117 1357 1254 1392 orteat
1282 1351 1442 1393 iustum
1479 1349 1588 1392 iudi-

91 1403 208 1447 eiam
241 1403 348 1458 fieri,
386 1411 429 1448 et
467 1405 682 1462 quomodo
722 1421 775 1449 ne
813 1405 967 1449 mulier
1004 1407 1078 1463 qui
1110 1422 1178 1449 em
1216 1406 1372 1450 debeat
1407 1406 1587 1449 obiectis

93 1459 366 1517 respondere,
396 1459 534 1503 donec
554 1462 826 1518 permittatur
853 1463 907 1515 ei,
936 1478 1026 1505 rem
1055 1462 1308 1505 familiarem
1337 1461 1470 1506 libere
1491 1462 1586 1504 diu-

91 1515 180 1559 tius
198 1515 446 1559 ordinare’2.
483 1517 596 1560 Tum
617 1531 766 1561 omnes
795 1517 998 1561 adversae
1027 1520 1161 1575 partis
1189 1519 1384 1576 episcopi
1411 1519 1472 1561 ita
1490 1526 1589 1561 sunt

93 1571 260 1615 confusi
287 1578 331 1616 et
356 1574 417 1615 ita
436 1573 613 1628 devicti,
643 1581 692 1617 ut
718 1589 805 1616 non
833 1574 1051 1629 haberent,
1080 1574 1184 1632 quid
1212 1574 1269 1616 ad
1289 1575 1396 1617 haec
1415 1589 1588 1631 respon·

91 1626 194 1671 dere
213 1635 401 1686 possent,
430 1638 629 1673 manente
657 1630 773 1687 apud
802 1630 1027 1673 ecclesiam
1049 1631 1132 1674 Dei
1159 1632 1355 1685 victoria,
1385 1631 1589 1688 quoniam

94 1683 362 1728 obstructum
401 1692 466 1728 est
501 1699 549 1728 os
576 1685 842 1743 loquentium
871 1688 1030 1744 iniqua.
1090 1687 1178 1730 Sed
1205 1687 1304 1729 hinc
1332 1687 1590 1731 resonabant
1602 1700 1803 1734 carmena.

94 1739 244 1784 laudes
273 1741 383 1796 Deo,
421 1740 538 1784 illinc
576 1750 720 1785 autem
754 1749 846 1786 erat
883 1758 1077 1786 murmur
1110 1742 1270 1786 multus
1304 1744 1349 1786 in
1378 1743 1504 1786 turba
1533 1743 1588 1786 de

94 1810 289 1841 sermone
317 1796 403 1840 illo.
453 1797 657 1853 ‘Quidam
687 1800 801 1843 enim
830 1799 1044 1855 dicebant,
1075 1801 1193 1858 quia:
1228 1800 1377 1842 Bonus
1405 1807 1483 1854 est,
1513 1799 1586 1841 alii
1601 1816 1666 1842 Iob.
1683 1817 1710 1849 ⁷,
1724 1815 1771 1843 ιι.

95 1859 240 1896 autem
268 1853 493 1898 dicebant:
531 1854 643 1910 Non,
673 1855 749 1898 sed
779 1856 947 1899 seducit
973 1857 1146 1899 turbas’.
1205 1855 1331 1899 Unde
1360 1856 1475 1900 facta
1504 1856 1587 1898 dis·

94 1909 290 1953 sensione
318 1911 430 1953 inter
452 1911 572 1967 ipsos
601 1913 731 1954 etiam
759 1912 896 1968 princi
931 1927 976 1954 es
1006 1913 1215 1955 adversae
1242 1913 1390 1969 partis,
1421 1912 1589 1954 occisus

96 1971 163 2008 est
202 1965 265 2009 ibi
304 1966 614 2009 Thiederichus
657 1982 813 2022 comes,
855 1968 911 2009 ha
944 1983 1018 2011 ens
1066 1969 1110 2010 in
1148 1969 1349 2024 coniugio
1398 1981 1589 2010 sororem

94 2020 306 2087 Egberthi
333 2022 615 2077 marchionis3
645 2038 774 2080 quem
818 2038 918 2066 cum
961 2023 1068 2067 alter
1112 2023 1434 2077 Thiederichus,
1484 2038 1589 2066 suus

96 2076 262 2121 scilicet
302 2084 524 2134 cognatus,
567 2080 780 2136 coepisset
815 2079 1056 2133 defendere,
1096 2081 1263 2122 occisus
1300 2086 1364 2122 est
1401 2086 1444 2123 et
1480 2080 1588 2136 ipse.

98 2133 157 2176 Et
199 2138 328 2188 certe,
370 2135 453 2177 nisi
495 2135 600 2190 fuga
646 2136 873 2192 eripuisset
918 2135 1116 2179 Udonem
1165 2135 1588 2178 Hildinisheimensis

96 2187 305 2233 ecclesiae
341 2190 595 2248 episcopum
632 2198 675 2234 et
712 2192 888 2234 fratrem
917 2192 1008 2234 eius
1039 2191 1342 2235 chuonradum
1373 2193 1588 2245 comitem,

95 2245 182 2303 ipsi
209 2247 371 2303 pariter
398 2247 700 2290 occubuissent
728 2262 806 2304 per
834 2263 985 2290 manus
1010 2248 1278 2305 operantium
1307 2249 1588 2306 iniquitatem,

96 2302 173 2367 qui
207 2302 336 2346 ambo
419 2303 508 2346 ulta
545 2311 643 2361 post
678 2303 784 2347 haec
823 2305 937 2361 passi
976 2310 1076 2346 sunt
1103 2305 1284 2347 adversa
1312 2319 1390 2361 per
1418 2305 1589 2361 provin·

97 2356 227 2401 eules
254 2373 314 2416 pa
396 2373 420 2402 e
450 2374 566 2413 suae,
597 2359 761 2403 scilicet
790 2359 1019 2414 Saxoniae,
1049 2361 1151 2418 quia
1179 2359 1405 2403 noluerunt
1433 2360 1589 2404 reverti

97 2413 155 2474 ad
189 2421 332 2473 partes
372 2414 571 2459 factionis
610 2431 712 2459 suae
723 2423 754 2461 ³.
810 2417 881 2459 Ad
916 2424 1155 2460 extremum
1189 2431 1290 2460 vero
1330 2418 1496 2459 occisus
1525 2423 1590 2460 est

98 2519 132 2576 a)
152 2542 276 2575 quidem
302 2545 333 2575 ις
354 2544 512 2569 enudavit
533 2543 663 2572 eoum.

100 2635 138 2681 1)
163 2636 268 2671 nne
293 2639 457 2682 quaestio
483 2650 506 2672 ι
530 2639 728 2673 Waltrnmo
754 2645 835 2684 post
860 2644 1025 2674 eventum
1053 2639 1137 2673 ficta
1161 2640 1301 2673 videtur
1326 2651 1418 2674 esse.
1469 2639 1590 2683 Magi·

96 2685 320 2730 probandum
345 2691 411 2729 ast,
437 2687 533 2731 quod
559 2690 648 2722 Anu.
674 2689 843 2732 magdeb.
868 2689 1018 2722 habent:
1047 2687 1242 2732 capitelam
1268 2689 1332 2723 Ιιοσ
1357 2700 1420 2723 nec
1444 2689 1589 2722 univer-

96 2733 219 2769 ael-‘ser
244 2746 362 2768 oerum
387 2736 450 2777 (of.
477 2736 544 2771 SS.
570 2738 668 2778 XVI,
693 2749 727 2782 p.
748 2737 848 2781 17⁶).
922 2738 959 2779 2)
987 2737 1043 2771 Cf.
1068 2738 1215 2771 Deci-et.
1235 2738 1503 2772 Pseudoisidor.
1531 2737 1588 2772 ed.

98 2782 294 2818 Himehim
318 2796 355 2829 p.
372 2784 428 2818 18.
509 2785 550 2828 8)
568 2786 785 2820 Waltnmus
810 2786 908 2820 solus
935 2798 978 2820 ex
999 2787 1164 2820 omnibus
1189 2787 1422 2830 scriptoribus
1447 2786 1589 2819 illorum

99 2835 297 2877 temporum
323 2843 380 2867 rsa
404 2834 442 2867 in
467 2833 530 2868 illo
556 2840 733 2868 conventu
758 2839 879 2878 gestas
905 2836 951 2869 ad
970 2836 1182 2869 sententiam
1208 2837 1431 2878 imperatoris
1456 2839 1590 2873 namt,

100 2881 248 2925 simque
266 2882 384 2916 verbis
403 2884 558 2916 maxima
578 2882 668 2917 fides
690 2884 857 2917 habenda
874 2890 928 2917 est
952 2889 1152 2928 propterea,
1179 2884 1274 2927 quod
1300 2886 1377 2927 ipse
1396 2884 1591 2917 couventui

102 2929 303 2964 interfuisse
337 2930 488 2973 videtur,
520 2936 557 2965 et
590 2931 686 2976 quod
719 2933 795 2966 eius
829 2933 931 2966 unius
958 2933 1068 2966 verba
1094 2943 1162 2966 non
1190 2938 1350 2976 pugnant
1376 2943 1456 2966 cum
1483 2932 1589 2965 rebus
