1878 3308
300 234 347 265 22
554 231 620 264 DE
646 229 854 264 UNITATE
881 227 1149 262 ECCLESIAE
1177 228 1543 263 GONSERVANDA.

417 345 480 385 11.
538 343 681 399 Atque
711 342 862 385 iterum
894 340 1007 383 idem
1036 340 1307 382 Innocentius
1340 354 1474 398 papa:
1515 348 1594 384 Sit·
1629 356 1717 384 certe
1749 351 1788 384 in

303 410 507 452 cumptum,
534 399 595 440 ait
611 407 636 452 ¹,
667 407 861 441 sollicitudo
895 412 926 440 et
957 405 1099 440 tristitia
1114 407 1289 449 fratrum,
1324 417 1428 449 quam
1453 416 1558 449 saepe
1576 405 1788 448 pertulimus

302 459 514 501 imperatore
526 461 723 502 praesente,
742 468 818 490 cum
831 467 899 499 pro
912 467 1003 499 pace
1022 453 1244 488 ecclesiarum
1260 466 1364 497 saepe
1380 465 1595 499 rogaremus,
1612 454 1789 497 cupientes

303 518 359 541 eos
378 506 416 539 ἰη
432 511 556 540 nostra
573 506 726 549 recipere
743 504 889 549 viscera,
917 505 978 548 qui
993 504 1252 547 requisiverunt
1270 503 1466 546 sanitatem,
1489 514 1533 537 ne
1555 502 1619 537 diu
1635 502 1789 537 membra

305 561 349 595 ab
375 561 508 595 unitate
534 561 689 605 corporis
714 560 926 594 haberentur
952 560 1081 594 aliena.
1124 547 1210 601 Qui
1229 549 1372 602 etiam,
1402 555 1450 590 ut
1477 562 1607 604 supra
1626 546 1808 606 dictum>

304 613 380 659 est,
399 605 578 662 loquens
600 606 653 649 de
669 605 913 647 ministeriis
933 610 1209 661 potestatum:
1237 613 1416 655 Quomodo
1433 613 1592 655 maiores,
1610 604 1789 660 inquit²,

303 665 417 699 nostri
434 666 726 709 reprehenderent
735 664 889 708 factum,
913 665 1008 708 qaod
1027 670 1167 698 auctore
1184 663 1260 697 Deo
1280 662 1458 697 videretur
1478 673 1550 696 esse
1567 663 1790 698 concessum?

304 714 360 748 De
385 713 440 748 his
467 726 546 760 erqo
568 714 811 758 potestatibus,
837 718 876 747 ut
902 713 1070 747 hactenus
1095 717 1274 747 servatum
1299 715 1358 754 est,
1383 711 1433 745 sic
1457 711 1635 755 hahemus,
1659 723 1703 747 ne
1728 717 1790 746 aut

305 762 528 806 disciplinam
563 769 713 798 evertere
746 768 808 796 aut
841 768 964 795 contra
998 763 1240 796 auctoritatem
1265 759 1412 794 Domini
1445 759 1564 794 venire
1595 761 1791 803 videamur,

306 811 431 855 quibus
457 817 546 847 certe
570 812 610 846 in
626 812 796 846 rationem
813 811 1031 845 reddendam
1045 817 1144 855 qesta
1161 822 1229 844 sua
1249 810 1367 843 omnia
1385 809 1630 843 servabantur.
1664 809 1791 843 Nulla-

307 873 406 900 tenus
433 865 537 909 enim,
563 857 714 914 inquit,
744 866 971 901 condemnari
997 871 1111 909 potest
1150 866 1302 899 humano
1342 864 1519 906 examine,
1557 875 1658 907 quem
1693 864 1793 898 Deus

306 932 369 954 suo
394 920 525 955 iudicio
550 923 755 957 reservavit,
794 912 922 965 Ecce,
954 910 1166 968 quomodo
1198 909 1293 952 talis
1321 908 1389 952 ille
1410 909 1666 966 apostolicus
1691 908 1793 952 alio-

306 980 486 1022 rumque
534 967 661 1010 simul
707 966 1036 1024 apostolicorum
1083 967 1272 1009 virorum
1323 979 1560 1007 consensus
1607 979 1792 1007 errorem

307 1036 467 1076 eorum,
504 1031 714 1080 quotquot
751 1023 1067 1079 reprehendunt
1103 1028 1336 1080 potestates
1375 1036 1401 1063 a
1430 1021 1527 1063 Deo
1566 1021 1794 1075 ordinatas,

307 1077 534 1121 destruxit:
564 1090 612 1123 Et
645 1089 676 1122 si
708 1089 833 1123 iterum
864 1100 955 1132 quae
979 1088 1148 1129 destruxi,
1175 1079 1352 1134 inquit3,
1383 1086 1580 1132 reaedifico,
1601 1087 1792 1131 praevari-

307 1150 457 1178 catorem
481 1156 534 1179 me
560 1143 737 1178 constituo.
780 1133 965 1176 Proinde
989 1132 1160 1175 lectoris
1188 1134 1416 1190 prudentia
1444 1133 1604 1198 pariter
1633 1138 1675 1175 et
1702 1131 1794 1174 dili·
1852 1173 1854 1175 ,

307 1190 451 1245 gentia
493 1189 696 1243 attendat,
745 1189 781 1231 si
826 1204 922 1231 cum
959 1189 1172 1245 scriptura
1211 1191 1348 1232 sancti
1391 1189 1515 1231 huius
1553 1189 1794 1231 Innocentii

308 1259 446 1287 sermo
467 1244 753 1288 Hildebrandi
772 1260 829 1302 pa
862 1261 912 1287 ae
934 1247 1172 1299 conveniat,
1202 1246 1275 1303 qui
1306 1260 1401 1287 eum
1433 1244 1538 1287 dicit
1556 1244 1794 1288 Arcadium

306 1302 606 1366 imperatorem
636 1301 757 1358 quasi
776 1261 1010 1344 iudicatum
1032 1302 1427 1344 excommunicasse
1456 1299 1528 1342 vel
1557 1300 1794 1355 damnasse,

310 1373 383 1422 qui
414 1358 540 1400 etiam
569 1357 649 1399 hoe
670 1357 845 1411 addidit,
877 1357 1098 1400 scribens⁴
1126 1372 1204 1414 pro
1233 1359 1347 1413 regis
1366 1357 1631 1399 Francorum
1660 1356 1796 1400 deiec-

308 1422 434 1467 tlone,
464 1414 580 1471 quod
609 1412 760 1456 beatus
791 1414 1023 1470 Gregorius
1052 1414 1113 1455 ita
1140 1429 1220 1470 per
1248 1415 1483 1470 scripturae
1520 1426 1623 1455 suae
1653 1412 1796 1456 decre-

308 1476 398 1511 tum
439 1470 704 1512 constituerit
715 1477 746 1524 ⁵,
781 1476 840 1524 ut,
877 1471 913 1511 si
952 1470 1047 1527 quis
1086 1484 1248 1525 regum,
1285 1469 1567 1523 sacerdotum,
1604 1468 1795 1512 iudicum

307 1533 435 1582 atque
473 1525 754 1568 saecularium
790 1540 1067 1583 personarum
1107 1526 1418 1568 constitutionis
1456 1539 1558 1567 suae
1623 1525 1797 1581 aginam

308 1596 544 1637 agnoscens
573 1588 720 1624 contra
748 1597 842 1624 eam
871 1582 1015 1624 venire
1045 1583 1327 1637 temptaverit,
1357 1581 1580 1637 potestatis
1637 1582 1796 1623 onoris-

309 1652 392 1694 que
431 1638 497 1679 sui
535 1637 577 1679 di
611 1638 742 1680 nitate
778 1644 931 1680 careat.
993 1637 1060 1679 De
1099 1637 1255 1694 quibus
1294 1637 1466 1679 tandem
1502 1637 1677 1692 regibus
1706 1637 1798 1680 vult

307 1699 354 1736 ut
383 1692 464 1735 hoc
495 1653 812 1749 inteiligamus‘?
853 1708 951 1735 cum
979 1692 1084 1734 nihil
1114 1693 1195 1735 tale
1225 1695 1269 1735 in
1300 1694 1468 1749 scriptis
1500 1692 1616 1735 illius
1646 1694 1794 1736 eximii

309 1748 495 1791 doctoris
531 1748 731 1805 Gregorii
769 1749 910 1791 adhuc
947 1748 1188 1805 legerimus,
1228 1750 1303 1806 qui
1337 1749 1556 1792 deferebat
1592 1749 1797 1792 honorem
1853 1787 1856 1789 ,

309 1805 378 1847 cui
409 1804 593 1848 debebat
620 1805 837 1860 honorem,
868 1806 977 1847 sicut
996 1806 1123 1847 docet
1152 1803 1382 1862 apostolus,
1413 1806 1486 1861 qui
1514 1819 1599 1847 non
1628 1806 1796 1848 resiste—

307 1862 382 1904 bat
410 1876 490 1904 nec
518 1861 799 1904 resistendum
829 1861 1012 1904 docebat
1039 1861 1336 1917 potestatibus,
1368 1875 1465 1904 cum
1494 1862 1694 1904 resistens
1723 1861 1798 1903 ali-

310 1918 403 1974 quis
433 1918 601 1960 resistat
619 1918 704 1959 Dei
735 1917 1002 1971 ordinationi,
1033 1917 1107 1974 qui
1135 1918 1345 1974 praecipit
1372 1917 1550 1959 reddere
1571 1931 1680 1974 quae
1700 1925 1797 1960 sunt

309 1974 492 2016 caesaris
523 1975 697 2016 caesari.
755 1974 822 2016 De
853 1973 1021 2030 quibus,
1058 1976 1247 2030 inquam,
1284 1974 1457 2029 regibus
1486 1972 1589 2028 vult,
1627 1980 1675 2016 ut
1701 1988 1797 2030 pro-

309 2030 497 2086 positum
538 2028 642 2071 illud
683 2029 916 2086 capitulum
952 2028 1268 2085 intelligamus?
1305 2028 1499 2086 nunquid
1535 2028 1589 2072 de
1625 2030 1797 2086 regibus

309 2086 586 2140 Francorum,
606 2086 694 2128 sive
716 2087 769 2128 de
789 2085 1115 2143 imperatoribus
1130 2085 1450 2128 Romanorum?
1480 2085 1605 2128 Certe
1622 2087 1797 2128 sanctis-

311 2142 443 2184 simus
482 2140 553 2184 ille
596 2156 710 2198 papa
752 2141 986 2198 Gregorius
1028 2140 1217 2198 appellat
1258 2141 1475 2184 Romanos
1518 2141 1796 2197 imperatores

311 2197 504 2240 dominos
535 2212 635 2239 suos
665 2205 707 2241 et
736 2213 781 2240 se
811 2212 982 2240 servum
1011 2211 1172 2252 eorum,
1207 2212 1330 2253 reges
1359 2203 1502 2239 autem
1532 2197 1797 2240 Francorum

310 2253 420 2295 filios
465 2268 564 2296 suos
607 2268 658 2295 ac
701 2269 746 2296 se
789 2260 955 2311 patrem
992 2268 1151 2296 eorum.
1207 2253 1319 2295 Nam
1363 2268 1462 2295 cum
1507 2253 1794 2309 comperisset,

312 2310 589 2351 simoniacam
625 2316 667 2352 et
701 2309 1015 2366 neophytorum
1050 2308 1218 2351 hereses
1255 2308 1382 2365 longe
1417 2308 1586 2364 lateque
1621 2323 1795 2365 prorsus

312 2366 565 2419 excrevisse,
609 2366 779 2423 scripsit
821 2366 930 2408 inter
971 2371 1112 2407 cetera
1153 2365 1328 2420 regibus
1371 2365 1642 2418 Francorum,
1687 2366 1796 2408 sicut

311 2420 493 2476 legitur⁶
523 2421 568 2462 in
587 2423 709 2464 tertio
730 2421 838 2465 libro
867 2421 919 2463 de
950 2421 1038 2463 vita
1066 2421 1198 2477 ipsius
1227 2419 1428 2476 Gregorii
1455 2433 1612 2477 papae:
1642 2431 1794 2466 Paterno

314 2558 345 2594 a)
367 2560 409 2585 ica
432 2559 545 2592 lnnoc.;
567 2559 618 2585 Sic
642 2562 669 2585 1.

318 2672 352 2712 1)
386 2670 596 2704 Pontificum
621 2671 856 2703 Romanorum
893 2670 1064 2714 epistulae
1091 2671 1266 2712 genuinae
1295 2680 1366 2705 cur.
1395 2670 1677 2711 schoenemann,
1708 2671 1792 2704 Got-

315 2722 436 2763 tingae
460 2720 564 2761 1796,
591 2720 620 2761 Ι,
646 2731 680 2763 p.
705 2718 788 2753 509.
887 2719 923 2760 2)
950 2719 1142 2752 Hinschius
1168 2730 1202 2762 p.
1227 2719 1308 2751 532.
1410 2720 1446 2761 3)
1474 2720 1630 2752 Decreta
1659 2720 1792 2752 Leonis

315 2779 443 2812 papae,
470 2769 663 2802 Hinschius
694 2768 835 2811 p.,578.
943 2767 981 2808 4)
1016 2767 1109 2800 Jaffe
1144 2767 1166 2799 l.
1195 2778 1226 2800 c.
1261 2779 1293 2811 p.
1321 2767 1404 2800 458.
1505 2769 1540 2810 5)
1576 2768 1683 2811 Greg.
1711 2779 1791 2811 epp.

316 2818 496 2857 XI11‚11.
522 2818 576 2849 12.
677 2816 716 2860 6)
745 2818 864 2861 Opera
890 2816 945 2849 ed.
972 2816 1108 2850 Bened.
1136 2817 1197 2858 IV,
1225 2828 1260 2860 p.
1280 2816 1324 2848 82
1352 2816 1475 2859 (Greg.
1502 2828 1582 2860 epp.
1609 2817 1671 2849 IX.
1691 2816 1792 2858 214).
