1878 3308
304 285 372 320 DE
397 285 611 319 UNITATE
641 284 914 320 ECOLESIAE
941 284 1309 320 CONSERVANDA.
1484 285 1550 317 141

58 399 310 453 docuerunt,
338 398 526 455 ideoque
556 398 685 440 etiam
713 412 741 440 a
759 397 970 441 catholica
988 396 1171 439 ecclesia
1190 402 1552 453 apostataverunt,

59 457 137 515 qui
172 457 220 499 in
256 453 460 498 cathedra
495 453 763 511 pestilentiae
802 453 1016 508 sederunt,
1053 460 1097 496 et
1125 467 1255 508 supra
1284 452 1551 494 altitudinem

58 511 243 556 nubium
281 510 428 554 sedem
465 525 587 553 suam
629 518 890 567 posuerunt3
929 508 1055 567 quale
1096 508 1262 551 scilicet
1299 509 1550 565 mysterium

59 568 298 627 iniquitatis
326 567 624 625 praetendunt,
654 567 699 608 in
727 573 847 609 veste
884 580 961 608 sua
996 571 1162 608 utentes
1193 565 1351 621 capitio
1380 565 1550 608 tunicae

58 639 139 684 pro
158 623 339 679 cuculla,
369 638 480 681 quae
500 623 657 666 dicitur
678 623 819 665 minor
838 621 944 665 cella
973 628 1016 664 et
1034 621 1165 664 habet
1194 622 1382 677 speciem
1403 622 1553 675 crucis,

58 681 173 725 sicut
213 679 378 724 dietum
421 686 490 722 est
527 693 672 736 supra.
730 678 858 722 Unde
901 685 944 721 et
981 677 1134 720 beatus
1177 677 1271 731 Iob,
1313 678 1387 734 qui
1427 678 1553 720 inter-

59 742 256 796 pretatur
297 735 446 780 dolens
490 742 533 779 et
567 742 683 778 tenet
724 741 876 792 typum
919 733 988 776 vel
1025 733 1187 777 Christi
1228 732 1296 775 vel
1333 733 1552 787 ecclesiae,

58 793 350 852 conqueritur,
379 806 426 835 se
454 791 712 834 circumdari
747 790 1021 833 multitudine
1061 790 1359 844 hereticorum,
1405 789 1553 847 quales

58 856 159 894 sunt
195 849 475 893 fabricatores
514 847 727 891 mendacii
762 854 805 890 et
833 847 1018 890 cultores
1047 860 1348 903 perversorum
1377 846 1554 902 dogma-

57 912 172 949 tum:
201 906 257 948 In
285 903 573 958 multitudine,
602 905 754 961 inquit,
783 919 932 946 eorum
960 904 1231 946 consumitur
1260 905 1550 945 vestimentum
1564 917 1631 944 Iob.
1644 917 1691 951 so,
1704 917 1751 945 is.

0 1014 2 1016 v
58 977 212 1016 meum,
241 967 281 1005 et
308 962 441 1028 quasi
470 962 635 1017 capitio
664 961 843 1003 tunicae
873 962 935 1002 sic
965 961 1200 1003 <timuerunt
1227 974 1304 1001 me.
1362 959 1552 1001 Tunicae

57 1032 161 1062 vero
188 1017 396 1076 capitium
426 1015 664 1059 circumdat
691 1015 909 1058 induentis
938 1015 1110 1069 collum,
1145 1014 1301 1058 collum
1337 1022 1478 1058 autem
1518 1015 1555 1057 si

59 1074 297 1132 stringitur,
324 1074 445 1117 vocis
471 1088 575 1116 usus
606 1079 649 1115 et
679 1073 818 1115 vitalis
847 1071 974 1116 flatus
1012 1077 1203 1115 necatur.
1254 1071 1422 1128 Corpus
1451 1085 1554 1126 ergo

59 1129 266 1175 ecclesiae
294 1131 419 1188 quasi
447 1130 606 1187 capitio
635 1130 808 1172 tunicae
837 1130 1026 1186 cingunt,
1065 1129 1138 1186 qui
1175 1128 1416 1170 constrictis
1455 1127 1554 1169 doc-

58 1188 196 1231 trinae
223 1185 420 1230 salutaris
448 1185 815 1244 praedicatoribus
845 1184 961 1228 velut
998 1186 1091 1228 eius
1128 1183 1285 1226 collum
1312 1190 1553 1240 prementes

59 1245 107 1287 in
143 1257 197 1287 ea
232 1241 432 1286 claudere
468 1243 552 1285 iter
585 1243 704 1285 vocis
733 1241 899 1296 volunt3
937 1240 1062 1298 quale
1101 1240 1265 1284 scilicet
1302 1241 1552 1296 mysterium

58 1299 298 1358 iniquitatis
334 1299 622 1356 praetendunt
665 1297 810 1355 plures
847 1298 1047 1341 monachi
1086 1298 1131 1339 in
1164 1303 1284 1340 veste
1325 1311 1403 1339 sua
1414 1305 1441 1349 ¹,
1478 1311 1555 1353 per

60 1370 170 1414 quos
197 1355 307 1399 fiunt
341 1362 385 1398 et
421 1355 537 1398 facta
565 1361 666 1397 sunt
693 1355 899 1396 scismata
925 1360 1054 1412 atque
1082 1353 1254 1396 hereses
1283 1354 1329 1395 in
1358 1353 1554 1406 ecclesia,

89 1413 136 1455 ui
163 1412 294 1456 etiam
321 1427 350 1454 a
377 1418 512 1455 matre
541 1410 652 1453 filios
681 1417 923 1467 segregant,
954 1425 1056 1453 oves
1075 1424 1103 1451 a
1122 1417 1294 1466 pastore
1313 1408 1555 1462 sollicitant,

105 1469 147 1512 ei
182 1475 454 1512 sacramenta
491 1467 747 1520 disturbant,
784 1467 857 1524 qui
895 1467 1038 1520 etiam,
1067 1466 1153 1508 Dei
1189 1466 1418 1508 traditione
1456 1480 1555 1508 con-

0 1545 3 1548 ·
58 1531 237 1591 tempta,
272 1523 434 1567 alienas
473 1523 692 1567 doctrinas
730 1529 942 1579 appetunt
970 1529 1013 1565 et
1051 1523 1300 1578 magisteria
1341 1522 1554 1564 humanae

0 1586 2 1616 3
58 1580 340 1624 institutionis
368 1579 598 1634 inducunt3
637 1578 805 1637 qualem
844 1578 1006 1621 scilicet
1034 1578 1389 1621 consuetudinem
1420 1577 1556 1620 solent

0 1654 14 1687 {—
57 1636 290 1680 defendere
328 1650 380 1678 ae
410 1635 613 1679 roborare
645 1651 728 1701 per
756 1636 893 1677 sancti
922 1636 1054 1692 patris
1087 1635 1337 1677 Benedicti²
1367 1635 1554 1677 testimo-

0 1708 2 1714 ·
58 1695 193 1747 nium,
223 1707 309 1751 quo
338 1692 458 1746 dicit,
485 1706 762 1758 peregrinum
792 1706 1006 1749 quemque
1036 1691 1295 1734 monachum
1326 1698 1552 1733 consuetu-

58 1749 161 1794 dine
195 1747 297 1803 loci,
335 1762 465 1807 quam
493 1749 718 1801 mvenerit,
748 1747 999 1804 simpliciter
1027 1747 1117 1790 fore
1147 1754 1407 1790 contentum.
1467 1746 1553 1790 Sed

57 1820 234 1849 necesse
263 1812 329 1848 est
356 1819 414 1848 ex
441 1804 576 1862 ipsius
605 1805 740 1862 patris
768 1804 979 1847 sententia
1007 1803 1263 1854 discernere,
1294 1803 1408 1860 quod
1436 1802 1554 1845 volu-

0 1907 2 1909 ,
59 1863 143 1906 erit
178 1862 453 1919 peregrinum
487 1861 675 1919 aliquem
712 1860 982 1914 monachum,
1017 1867 1164 1916 utpote
1194 1859 1334 1902 adhuc
1362 1859 1553 1914 incogni-

0 1926 6 1974 j
59 1925 151 1962 tum
179 1925 223 1962 et
248 1917 358 1961 forte
386 1916 536 1961 rudem
564 1924 694 1974 atque
723 1916 1100 1972 indisciplinatum,
1129 1924 1273 1958 tenere
1302 1917 1348 1956 in
1377 1929 1552 1956 consue-

0 1997 9 2010 >-
60 1974 222 2018 tudinis
239 1974 547 2031 propositione,
575 1988 673 2017 cum
695 1972 810 2015 idem
831 1979 952 2029 pater
972 1971 1166 2037 adprime
1195 1970 1385 2014 eruditus
1407 1970 1553 2012 divina

0 2063 2 2071 ,
59 2030 157 2088 lege
196 2037 240 2074 et
275 2031 379 2073 satis
415 2031 673 2074 exercitatus
712 2029 854 2071 studio
893 2027 1066 2070 morahs
1110 2028 1312 2070 scientiae
1355 2026 1553 2068 videatur

61 2087 302 2131 consentire
331 2100 430 2129 cum
460 2087 613 2130 ceteris
643 2084 891 2128 doctoribus
904 2091 934 2138 ³,
966 2085 1039 2141 qui
1069 2083 1231 2136 dicunt,
1260 2097 1423 2125 morem
1459 2097 1552 2125 esse

0 2175 7 2192 ⁵
61 2157 319 2187 consensum
349 2144 538 2185 omnium
567 2141 694 2185 simul
723 2142 1020 2195 habitantium,
1057 2141 1131 2197 qui
1165 2140 1425 2181 inveteratus
1455 2152 1551 2180 con-

0 2214 17 2246 Τ
61 2199 332 2243 suetudinem
369 2198 487 2253 facit,
523 2200 636 2242 sicut
672 2205 737 2241 est
772 2211 998 2254 assurgere
1034 2195 1267 2238 maioribus
1306 2201 1349 2237 et
1386 2193 1550 2237 vultum

59 2262 189 2314 atque
217 2256 432 2299 incessum
462 2262 505 2299 et
533 2269 772 2299 sermonem
802 2262 930 2311 atque
950 2252 1142 2295 habitum
1171 2253 1231 2293 ita
1260 2250 1470 2292 moderari
1500 2265 1552 2294 ac

164 2326 224 2366 re,
252 2317 300 2354 ut
318 2311 519 2354 honestas
538 2318 715 2355 naturae
735 2310 1025 2367 perpendatur
1053 2324 1108 2351 ex
1139 2322 1303 2350 morum
1324 2306 1550 2363 probitate.

103 2382 175 2411 am
195 2368 289 2425 ipse
309 2374 432 2425 pater
452 2368 709 2411 Benedictus
721 2374 739 2398 ⁴
759 2373 950 2419 testatur,
980 2381 1025 2408 se
1048 2363 1240 2420 regulam
1261 2363 1551 2420 descripsisse,

1 2426 17 2485 'ss
61 2438 103 2467 ¹68
119 2433 224 2477 hano,
246 2425 397 2481 inqlfit‚
423 2435 659 2475 observantes,
681 2434 718 2467 in
736 2432 959 2466 monasteriis
976 2431 1116 2465 discant
1134 2430 1358 2473 aliquatenus
1375 2429 1430 2462 vel
1447 2427 1550 2462 hone·

1567 447 1605 474 cf.
1615 447 1666 474 Ps.
1680 448 1708 481 1,
1721 449 1757 479 13

1574 488 1626 513 Es.
1641 487 1686 521 14,
1699 487 1747 514 14.

0 2487 22 2535 r
63 2487 188 2518 notem
211 2495 348 2518 mmm
372 2488 435 2518 auc
459 2484 600 2517 initium
626 2480 901 2516 conversationis
927 2486 1062 2521 tenere5
1097 2485 1245 2514 ceterum
1264 2489 1369 2522 posse
1395 2489 1464 2519 eos,
1490 2476 1552 2520 qui

0 2537 20 2578 j,
61 2531 114 2566 ad
132 2532 384 2576 perfectionem
403 2531 677 2567 conversationis
694 2531 886 2574 festinant,
908 2542 975 2573 per
991 2529 1171 2563 doctrinas
1192 2533 1392 2560 sanctorum
1408 2532 1552 2570 patrum

4 2578 19 2620 ῘῘ
63 2585 97 2614 08
122 2591 194 2624 per
226 2580 389 2616 instituta
419 2593 539 2616 eorum
575 2581 624 2614 ad
657 2580 896 2614 celsitudinem
917 2577 1146 2623 perfectionis
1181 2576 1310 2618 venire,
1338 2587 1415 2609 cum
1440 2585 1551 2608 sermo

15 2692 17 2695 .
66 2656 105 2702 1)
132 2659 188 2693 cf.
215 2659 333 2694 Germ.
360 2660 531 2694 Lauresh.
559 2659 642 2702 (SS.
670 2659 766 2700 XXI,
794 2668 829 2701 p.
856 2658 964 2699 430):

6 2716 14 2740 ἰ’
357 2708 409 2742 Hi
429 2720 496 2752 per
521 2712 685 2741 tonsuras
710 2707 865 2750 ματαίω
888 2706 1111 2749 mandesque
1137 2704 1288 2737 cucullas

14 2774 17 2775 ⁷
356 2756 498 2791 Audeat
522 2754 662 2790 mentiri
688 2754 835 2795 Christo,
858 2755 968 2797 plane
994 2752 1195 2786 Pharisaei.

63 2803 102 2845 ἱ)
134 2805 272 2839 Benod.
307 2807 397 2848 Reg.
433 2817 465 2839 c.
494 2806 551 2838 61,
660 2804 697 2844 3)
725 2803 778 2836 cf.
815 2803 1024 2845 Hieronymi
1058 2803 1178 2845 Opera
1204 2801 1238 2840 1,
1273 2811 1307 2843 p.
1346 2798 1425 2830 120.
1462 2796 1550 2837 ‘2683

63 2853 190 2888 Basilii
207 2854 326 2898 Opera
344 2855 395 2896 11,
421 2854 509 2895 5563
538 2853 726 2887 Sozomeni
745 2851 839 2885 Hist.
859 2851 949 2884 eccl.
977 2851 1007 2891 1,
1032 2851 1095 2892 12;
1123 2850 1315 2882 Cassianus
1336 2848 1380 2879 de
1399 2847 1479 2879 inst.
1499 2844 1549 2885 11,

19 2944 22 2946 v
63 2902 120 2936 1⁶.
145 2902 209 2944 lv,
231 2904 287 2937 16.
387 2904 425 2944 4)
452 2902 545 2937 Ibid.
566 2912 597 2934 c.
619 2901 685 2942 73;
712 2900 757 2932 ef.
778 2899 1023 2932 Helmsdsrfer
1041 2898 1064 2932 1.
1085 2910 1114 2931 c.
1134 2910 1167 2941 p.
1187 2897 1245 2935 85,
1275 2907 1308 2929 n.
1335 2895 1378 2936 33
1406 2895 1550 2937 Berger.

57 2950 141 2984 ‘Zur
166 2952 284 2986 Kritik
311 2951 375 2985 der
401 2950 637 2985 Streitschrift
664 2949 707 2982 de
734 2949 822 2981 uuit.
852 2948 940 2982 eccl.
970 2946 1092 2985 cons.'‚
1118 2958 1152 2990 p.
1180 2946 1239 2978 31.
