1878 3308
169 1144 282 1171 1.Petr.
292 1144 372 1178 2‚1‘1.

379 244 428 276 24
626 243 691 276 DE
718 241 925 275 UNITATE
953 240 1224 274 ECCLESIAE
1253 239 1622 275 CONSERVANDA.

381 354 646 409 miserabilis,
686 355 873 411 inquam,
912 353 1103 395 confusio
1145 367 1286 394 rerum
1317 351 1589 394 convalescat
1615 351 1728 394 faeta
1754 367 1865 394 nunc

414 426 459 454 er
488 410 737 454 christianos
766 411 810 452 in
840 408 1030 462 ecclesia,
1062 408 1288 451 describit¹
1326 407 1396 450 ille
1426 422 1554 465 saepe
1589 407 1728 450 dietus
1755 423 1867 465 papa

381 426 646 521 hildebrant,
678 481 722 509 re
755 482 821 509 em
844 467 1104 508 Francorum
1134 471 1236 507 tunc
1257 465 1396 518 etiam,
1426 478 1540 506 nunc
1568 464 1866 521 imperatorem

382 524 682 577 Romanorum,
705 538 727 564 c
759 523 956 564 ristianae
976 520 1081 577 legis
1103 536 1194 563 esse
1216 526 1564 576 contemptorem,
1595 518 1867 563 ecclesiarum

380 580 577 623 videlicet
604 587 731 636 atque
751 578 918 635 imperii
938 577 1241 619 destructorem
1269 582 1397 633 atque
1416 576 1698 619 hereticorum
1725 584 1865 619 aucto-

380 651 471 678 rem
501 643 543 678 et
572 640 916 687 consentaneum,
950 648 1000 675 ac
1029 641 1254 689 propterea
1283 648 1309 675 a
1337 647 1382 674 se
1411 647 1509 675 eum
1537 631 1668 675 fuisse
1697 647 1865 676 excom-

382 693 658 734 municatum.
717 691 805 733 Nos
835 696 977 732 autem
1007 689 1258 730 confidimus
1289 687 1466 730 meliora
1494 687 1547 730 de
1577 702 1628 730 eo
1657 694 1699 732 et
1726 703 1746 731 s
1777 702 1864 731 era-

382 763 476 790 mus
506 749 550 790 in
579 748 689 801 Deo,
719 754 767 789 ut
794 746 936 802 potius
965 746 1019 787 sit
1049 745 1301 787 christianae
1330 743 1436 800 legis
1465 749 1642 799 amator,
1671 758 1744 787 ecc
1760 745 1864 787 esia-

381 819 476 846 rum
506 811 548 846 et
572 804 741 860 imperii
768 802 963 844 defensor
992 807 1033 842 et
1065 801 1347 843 hereticorum
1373 807 1503 857 atque
1531 800 1868 843 scismaticorum

381 860 631 913 destructor,
670 860 705 900 si
741 873 818 915 pro
857 858 1139 899 contentionis
1169 871 1269 899 suae
1299 864 1342 899 et
1370 856 1524 899 erroris
1554 857 1867 913 perseverantia

382 930 529 958 eorum
571 930 657 957 non
694 914 881 970 potuerit
922 913 1015 955 fieri
1058 920 1283 955 corrector.
1360 922 1467 957 Omne
1505 923 1609 964 enim,
1646 923 1742 966 quod
1778 923 1866 956 irre-

375 981 613 1026 prehensibile
655 986 715 1023 est,
762 980 935 1014 catholica
980 979 1138 1022 defendit
1179 979 1340 1021 ecclesia,
1384 968 1493 1010 Sicut
1541 966 1714 1010 Scribit²
1756 967 1870 1009 Mar·

382 1027 558 1069 cellinus
602 1041 658 1083 pa
690 1040 728 1068 a.
795 1025 912 1080 Ergo
959 1031 1145 1080 potestas
1189 1038 1214 1065 a
1257 1024 1352 1066 Deo
1397 1038 1600 1066 concessa
1644 1023 1869 1080 reprehen-

383 1083 500 1124 sione
529 1088 592 1123 est
621 1041 746 1137 plgne
774 1081 963 1136 indigna,
993 1080 1046 1122 de
1077 1095 1162 1137 qua
1180 1079 1410 1136 apostolus,
1440 1080 1570 1121 immo
1595 1094 1677 1144 per
1700 1086 1869 1136 aposto-

382 1137 472 1180 lum
485 1138 699 1179 Dominus
719 1137 829 1179 hanc
847 1136 1038 1192 regulam
1054 1136 1290 1178 constituit:
1311 1137 1466 1189 Deum,
1487 1135 1533 1177 in
1563 1149 1696 1190 mens,
1719 1137 1870 1189 timete,

382 1208 524 1250 reyem
556 1192 853 1245 honorzflcate,
885 1192 1086 1247 quoniam
1116 1198 1158 1234 et
1187 1191 1322 1233 honor
1349 1191 1462 1248 regis
1482 1192 1528 1233 iu
1561 1191 1688 1233 ‘cium
1717 1190 1871 1247 diligit.

384 1248 471 1291 Sed
509 1247 579 1289 ille
618 1247 875 1289 Hildebrant
913 1254 1087 1288 econtra
1124 1247 1392 1289 inhonoravit
1426 1261 1572 1303 regem
1605 1247 1869 1289 Francorum

382 1311 424 1347 et
452 1305 671 1346 accusavit
699 1317 798 1345 eum
827 1302 1004 1343 crimine
1029 1303 1216 1358 pessimo
1245 1302 1360 1359 apud
1381 1302 1690 1345 Herimannum
1709 1303 1871 1345 Meten-

382 1375 471 1403 sem
510 1360 776 1416 episcopum,
818 1357 1055 1411 intendens,
1099 1359 1241 1413 ipsum
1281 1359 1454 1412 crimen,
1493 1372 1576 1414 quo
1620 1358 1871 1401 testificatur

383 1432 474 1459 esse
495 1431 594 1458 eum
615 1414 868 1457 christianae
888 1413 994 1469 legis
1024 1419 1359 1469 contemptorem
1389 1419 1431 1456 et
1450 1412 1724 1456 ecclesiarum
1744 1421 1872 1471 atque

381 1472 552 1529 imperii
580 1472 887 1513 destructorem
917 1468 1043 1511 simul
1073 1476 1114 1512 et
1143 1469 1425 1512 hereticorum
1453 1475 1672 1512 auctorem
1701 1475 1744 1512 et
1772 1484 1870 1512 con-

383 1533 644 1578 sentaneum,
688 1526 910 1582 pervenire
953 1525 1009 1567 ad
1052 1526 1247 1567 notitiam
1290 1531 1540 1568 cunctarum
1582 1524 1870 1568 ecclesiarum.

385 1582 527 1632 Quina
547 1582 688 1635 potius
708 1579 855 1621 audiat
875 1581 1011 1621 omnis
1032 1580 1224 1633 ecelesia,
1256 1595 1383 1636 quam
1403 1595 1561 1636 magna
1579 1581 1634 1622 sit
1652 1581 1870 1635 iniustitia,

384 1649 596 1676 canonum
627 1640 896 1675 sacrosancta
924 1635 1161 1688 transgredi
1188 1642 1356 1688 statuta,
1387 1635 1441 1677 de
1462 1634 1616 1692 quibus
1644 1635 1701 1678 ad
1719 1637 1870 1680 Iohan-

383 1704 482 1730 nem
520 1689 792 1731 Larissaeum
834 1689 1083 1744 episcopum
1122 1690 1181 1731 ita
1225 1689 1401 1732 scribit³
1443 1690 1713 1734 beatissimus
1756 1707 1870 1750 papa

386 1744 638 1800 Gregorius:
683 1753 796 1795 Haec,
835 1744 1041 1799 inquiens,
1092 1766 1246 1788 consona
1287 1755 1419 1790 sanctis
1453 1756 1622 1800 patribus
1659 1758 1870 1803 diffinitione

382 1805 572 1846 sancimus,
607 1807 657 1845 ut,
692 1803 754 1845 qui
785 1804 895 1836 sacris
929 1803 1037 1837 nescit
1074 1809 1137 1836 aut
1174 1804 1358 1838 contemnit
1395 1805 1534 1840 obedire
1567 1808 1767 1849 canonibus,
1807 1820 1871 1843 nec

382 1853 494 1886 sacris
535 1852 784 1886 administrare
821 1852 995 1885 altaribus
1039 1862 1102 1886 nec
1140 1852 1412 1887 communionem
1452 1866 1577 1898 capere
1618 1856 1663 1889 sit
1699 1857 1829 1900 dianus
1840 1858 1867 1890 ⁴.

384 1898 499 1940 Ecce
548 1897 660 1939 enim
708 1903 979 1938 sacrosancta
1022 1897 1214 1938 Romana
1257 1898 1437 1940 ecclesia
1477 1899 1542 1941 fas
1589 1899 1718 1944 habet
1764 1902 1871 1944 iudi—

384 1953 511 1995 candi
545 1952 598 1994 de
633 1953 750 1993 omni
778 1951 970 1993 ecclesia.
1030 1951 1115 1994 Sed
1149 1951 1365 1995 Fabianus
1394 1968 1509 2010 papa
1533 1955 1706 2000 scribit⁵
1737 1958 1870 2000 omni-

383 2009 465 2051 bus
509 2009 742 2064 episcopis:
793 2017 937 2059 Nullus,
977 2008 1187 2064 inquiens,
1231 2025 1443 2061 praesumat
1484 2032 1644 2064 umquam
1686 2030 1871 2058 accusator

383 2079 455 2102 esse
488 2068 596 2101 simul
625 2073 656 2100 et
689 2067 798 2100 iudea:
832 2069 864 2099 et
897 2065 1002 2108 testis,
1035 2068 1202 2111 quoniam
1234 2068 1273 2100 in
1306 2069 1401 2101 omni
1424 2069 1556 2103 iudicio
1591 2077 1757 2114 quattuor
1782 2084 1868 2115 per-

381 2128 488 2150 sonas
530 2127 667 2150 necesse
707 2121 756 2149 est
795 2125 930 2157 semper
968 2116 1109 2158 adesse,
1149 2115 1189 2150 id
1221 2122 1270 2150 est
1302 2117 1436 2152 iudices
1475 2119 1606 2162 electos,
1649 2127 1867 2155 accusatores

380 2168 565 2212 idoneosb,
588 2171 788 2214 defensores
806 2165 1003 2213 congruo-sb
1023 2174 1127 2214 atque
1145 2168 1339 2215 leqitimosb
1359 2178 1460 2206 testes
1470 2174 1498 2207 θ.
1538 2160 1708 2207 Iudices
1723 2171 1866 2207 autem

381 2222 510 2273 agent
542 2216 588 2257 in
616 2215 842 2271 aequitate,
882 2221 1010 2256 testes
1039 2216 1083 2256 in
1112 2217 1302 2271 veritate,
1336 2224 1605 2261 accusatores
1634 2220 1865 2263 intentione

380 2274 436 2315 ad
456 2271 800 2328 amplificandam
821 2284 1006 2323 causam,
1029 2271 1272 2314 defensores
1287 2274 1584 2317 extenuatione
1603 2275 1658 2318 ad
1677 2277 1867 2319 minuen-

381 2329 481 2370 dam
520 2342 706 2370 causam.
765 2326 886 2379 Quae
925 2341 1023 2368 cum
1064 2326 1279 2370 observari
1313 2327 1476 2371 soleant
1503 2331 1546 2373 in
1575 2333 1865 2375 saecularibus

381 2399 551 2442 quoque
581 2383 765 2437 iudiciis,
793 2396 932 2423 nonne
962 2381 1094 2424 multo
1123 2384 1260 2439 magis
1289 2383 1446 2427 debent
1466 2387 1682 2430 observari
1709 2388 1754 2430 in
1783 2389 1866 2431 dis-

380 2440 663 2496 positionibus
692 2437 1021 2481 ecclesiasticis?
1069 2438 1193 2481 Unde
1217 2439 1343 2493 idem,
1374 2442 1447 2497 qui
1475 2456 1617 2499 supra,
1646 2443 1864 2487 Fabianus

380 2509 513 2552 papa:
545 2505 586 2539 Si
610 2505 648 2538 in
672 2505 787 2545 rebus,
813 2493 951 2549 inquit
962 2501 991 2547 ⁷,
1021 2504 1260 2538 saecularibus
1283 2517 1384 2539 suum
1410 2508 1534 2551 cuique
1559 2509 1616 2542 ius
1642 2515 1674 2543 et
1691 2511 1865 2554 proprius

379 2556 465 2589 ordo
497 2554 692 2587 servandus
727 2559 788 2594 est,
823 2557 955 2595 quanto
989 2553 1100 2596 mayis
1125 2552 1163 2586 in
1189 2553 1426 2588 ecclesiasticis
1452 2557 1737 2600 dispositionibus
1762 2560 1864 2593 nulla

379 2651 411 2685 a)
434 2652 514 2682 Quid
538 2653 574 2682 13
594 2651 699 2677 emend.
722 2649 840 2676 Schard.
923 2649 954 2682 b)
977 2650 1049 2675 deest
1070 2651 1151 2682 apud
1171 2650 1344 2677 Fabianum.

383 2733 419 2776 1)
458 2732 551 2766 Jaffe
594 2732 619 2765 l.
653 2742 684 2766 c.
720 2743 754 2775 p.
780 2730 865 2764 458.
989 2731 1024 2771 2)
1070 2733 1273 2767 Marcellini
1307 2737 1408 2779 epist.
1443 2738 1602 2771 secunda
1635 2750 1666 2772 c.
1693 2739 1727 2781 3,
1774 2740 1863 2772 Hin-

380 2783 499 2816 schius
533 2793 568 2824 p.
589 2780 670 2814 222.
706 2794 709 2797 ⁴
794 2778 832 2822 3)
867 2779 973 2821 Greg.
1002 2790 1083 2824 epp.
1118 2782 1187 2824 III,
1216 2783 1250 2817 7.
1375 2787 1411 2828 4)
1447 2787 1500 2820 Of.
1526 2788 1670 2821 Petrum
1697 2788 1862 2822 Crassum

380 2830 555 2872 (Sudend.
573 2830 662 2871 Reg.
688 2830 716 2869 1,
743 2840 776 2871 p.
795 2829 870 2870 40).
950 2827 988 2869 5)
1014 2830 1167 2864 Fabiani
1195 2832 1340 2866 decreta
1366 2836 1461 2878 apud
1486 2836 1699 2870 Hinschium
1724 2847 1763 2880 p.
1782 2837 1862 2871 165.

381 2878 418 2921 6)
448 2879 502 2912 cf.
527 2878 716 2911 Widonem
751 2877 900 2917 Fert-ar„
935 2877 997 2909 SS.
1022 2880 1106 2922 XII,
1141 2893 1175 2924 p.
1197 2881 1278 2915 173.
1380 2885 1415 2926 7)
1450 2885 1604 2919 Fabiani
1629 2885 1774 2919 decreta
1805 2897 1862 2930 ap.

381 2928 593 2962 Hinschium
620 2938 654 2970 p.
677 2926 757 2958 162.
786 2930 821 2958 et
849 2926 929 2957 163.
