<?xml version="1.0" encoding="UTF-8"?>
<!DOCTYPE html PUBLIC "-//W3C//DTD XHTML 1.0 Transitional//EN"
    "http://www.w3.org/TR/xhtml1/DTD/xhtml1-transitional.dtd">
<html xmlns="http://www.w3.org/1999/xhtml" xml:lang="en" lang="en">
 <head>
  <title>
</title>
<meta http-equiv="Content-Type" content="text/html;charset=utf-8" />
  <meta name='ocr-system' content='tesseract 3.04.00' />
  <meta name='ocr-capabilities' content='ocr_page ocr_carea ocr_par ocr_line ocrx_word'/>
</head>
<body>
  <div class='ocr_page' id='page_1' title='image "./waltramiutvidetu00walruoft_0058.png"; bbox 0 0 1878 3308; ppageno 0'>
   <div class='ocr_carea' id='block_1_1' title="bbox 107 439 288 472">
    <p class='ocr_par' dir='ltr' id='par_1_1' title="bbox 107 439 288 472">
     <span class='ocr_line' id='line_1_1' title="bbox 107 439 288 472; baseline 0.011 -8"><span class='ocrx_word' id='word_1_1' title='bbox 107 439 209 465; x_wconf 87' lang='lat' dir='ltr'><strong>1.10h.</strong></span> <span class='ocrx_word' id='word_1_2' title='bbox 221 439 248 472; x_wconf 74' lang='lat'>4,</span> <span class='ocrx_word' id='word_1_3' title='bbox 262 439 288 466; x_wconf 78' lang='lat'>3.</span> 
     </span>
    </p>
   </div>
   <div class='ocr_carea' id='block_1_2' title="bbox 109 606 287 640">
    <p class='ocr_par' dir='ltr' id='par_1_2' title="bbox 109 606 287 640">
     <span class='ocr_line' id='line_1_2' title="bbox 109 606 287 640; baseline 0.006 -7"><span class='ocrx_word' id='word_1_4' title='bbox 109 606 250 640; x_wconf 74' lang='lat' dir='ltr'>1.10h.4,</span> <span class='ocrx_word' id='word_1_5' title='bbox 262 608 287 634; x_wconf 87' lang='lat'>1.</span> 
     </span>
    </p>
   </div>
   <div class='ocr_carea' id='block_1_3' title="bbox 146 1329 284 1364">
    <p class='ocr_par' dir='ltr' id='par_1_3' title="bbox 146 1329 284 1364">
     <span class='ocr_line' id='line_1_3' title="bbox 146 1329 284 1364; baseline 0.007 -10"><span class='ocrx_word' id='word_1_6' title='bbox 146 1329 204 1355; x_wconf 88' lang='lat' dir='ltr'>Ier.</span> <span class='ocrx_word' id='word_1_7' title='bbox 217 1329 245 1364; x_wconf 83' lang='lat'>4,</span> <span class='ocrx_word' id='word_1_8' title='bbox 258 1330 284 1355; x_wconf 84' lang='lat'>2.</span> 
     </span>
    </p>
   </div>
   <div class='ocr_carea' id='block_1_4' title="bbox 86 1557 285 1591">
    <p class='ocr_par' dir='ltr' id='par_1_4' title="bbox 86 1557 285 1591">
     <span class='ocr_line' id='line_1_4' title="bbox 86 1557 285 1591; baseline 0 -8"><span class='ocrx_word' id='word_1_9' title='bbox 86 1557 208 1591; x_wconf 62' lang='lat' dir='ltr'>Pano,</span> <span class='ocrx_word' id='word_1_10' title='bbox 220 1559 248 1584; x_wconf 78' lang='grc' dir='ltr'>τ.</span> <span class='ocrx_word' id='word_1_11' title='bbox 260 1558 285 1584; x_wconf 86' lang='lat'>8.</span> 
     </span>
    </p>
   </div>
   <div class='ocr_carea' id='block_1_5' title="bbox 105 2115 286 2149">
    <p class='ocr_par' dir='ltr' id='par_1_5' title="bbox 105 2115 286 2149">
     <span class='ocr_line' id='line_1_5' title="bbox 105 2115 286 2149; baseline 0.011 -9"><span class='ocrx_word' id='word_1_12' title='bbox 105 2115 169 2141; x_wconf 87' lang='lat' dir='ltr'>Iob.</span> <span class='ocrx_word' id='word_1_13' title='bbox 181 2115 251 2149; x_wconf 77' lang='lat'>34,1</span> <span class='ocrx_word' id='word_1_14' title='bbox 259 2115 286 2142; x_wconf 76' lang='lat'>⁷.</span> 
     </span>
    </p>
   </div>
   <div class='ocr_carea' id='block_1_6' title="bbox 146 2331 285 2364">
    <p class='ocr_par' dir='ltr' id='par_1_6' title="bbox 146 2331 285 2364">
     <span class='ocr_line' id='line_1_6' title="bbox 146 2331 285 2364; baseline 0 -8"><span class='ocrx_word' id='word_1_15' title='bbox 146 2331 205 2357; x_wconf 85' lang='lat' dir='ltr'>Ier.</span> <span class='ocrx_word' id='word_1_16' title='bbox 217 2332 245 2364; x_wconf 78' lang='lat'>4,</span> <span class='ocrx_word' id='word_1_17' title='bbox 259 2331 285 2356; x_wconf 85' lang='lat'>2.</span> 
     </span>
    </p>
   </div>
   <div class='ocr_carea' id='block_1_7' title="bbox 119 2546 286 2580">
    <p class='ocr_par' dir='ltr' id='par_1_7' title="bbox 119 2546 286 2580">
     <span class='ocr_line' id='line_1_7' title="bbox 119 2546 286 2580; baseline 0.006 -9"><span class='ocrx_word' id='word_1_18' title='bbox 119 2546 186 2573; x_wconf 80' lang='lat'>1011.</span> <span class='ocrx_word' id='word_1_19' title='bbox 197 2547 224 2580; x_wconf 87' lang='lat'>8,</span> <span class='ocrx_word' id='word_1_20' title='bbox 237 2547 286 2573; x_wconf 79' lang='lat'>44.</span> 
     </span>
    </p>
   </div>
   <div class='ocr_carea' id='block_1_8' title="bbox 299 308 1537 342">
    <p class='ocr_par' dir='ltr' id='par_1_8' title="bbox 299 308 1537 342">
     <span class='ocr_line' id='line_1_8' title="bbox 299 308 1537 342; baseline 0 0"><span class='ocrx_word' id='word_1_21' title='bbox 299 310 347 342; x_wconf 81' lang='lat'>32</span> <span class='ocrx_word' id='word_1_22' title='bbox 544 309 610 342; x_wconf 83' lang='lat' dir='ltr'>DE</span> <span class='ocrx_word' id='word_1_23' title='bbox 637 309 845 342; x_wconf 79' lang='lat' dir='ltr'><strong>UNITATE</strong></span> <span class='ocrx_word' id='word_1_24' title='bbox 872 308 1142 342; x_wconf 86' lang='lat' dir='ltr'>ECCLESIAE</span> <span class='ocrx_word' id='word_1_25' title='bbox 1171 308 1537 342; x_wconf 82' lang='lat' dir='ltr'>CONSERVANDA.</span> 
     </span>
    </p>
   </div>
   <div class='ocr_carea' id='block_1_9' title="bbox 298 419 1842 2257">
    <p class='ocr_par' dir='ltr' id='par_1_9' title="bbox 298 419 1805 1484">
     <span class='ocr_line' id='line_1_9' title="bbox 301 419 1790 476; baseline -0.002 -11"><span class='ocrx_word' id='word_1_26' title='bbox 301 432 448 472; x_wconf 70' lang='lat' dir='ltr'>iustitia,</span> <span class='ocrx_word' id='word_1_27' title='bbox 475 437 506 465; x_wconf 75' lang='lat' dir='ltr'>et</span> <span class='ocrx_word' id='word_1_28' title='bbox 531 442 651 464; x_wconf 57' lang='lat' dir='ltr'>sunaus</span> <span class='ocrx_word' id='word_1_29' title='bbox 669 435 780 464; x_wconf 77' lang='lat' dir='ltr'>mater</span> <span class='ocrx_word' id='word_1_30' title='bbox 800 428 967 463; x_wconf 75' lang='lat' dir='ltr'>iustitiae.</span> <span class='ocrx_word' id='word_1_31' title='bbox 1010 420 1160 462; x_wconf 64' lang='lat' dir='ltr'>Omni-3</span> <span class='ocrx_word' id='word_1_32' title='bbox 1180 426 1323 462; x_wconf 78' lang='lat' dir='ltr'>autem</span> <span class='ocrx_word' id='word_1_33' title='bbox 1344 421 1544 475; x_wconf 71' lang='lat' dir='ltr'>spiritzw,</span> <span class='ocrx_word' id='word_1_34' title='bbox 1565 421 1642 476; x_wconf 76' lang='lat' dir='ltr'>qui</span> <span class='ocrx_word' id='word_1_35' title='bbox 1662 419 1790 462; x_wconf 69' lang='lat' dir='ltr'>80lvit</span> 
     </span>
     <span class='ocr_line' id='line_1_10' title="bbox 303 475 1787 532; baseline -0.001 -13"><span class='ocrx_word' id='word_1_36' title='bbox 303 478 454 530; x_wconf 79' lang='lat' dir='ltr'>Iesum,</span> <span class='ocrx_word' id='word_1_37' title='bbox 477 491 529 518; x_wconf 75' lang='lat' dir='ltr'>ex</span> <span class='ocrx_word' id='word_1_38' title='bbox 544 477 638 518; x_wconf 86' lang='lat' dir='ltr'>Deo</span> <span class='ocrx_word' id='word_1_39' title='bbox 658 491 744 518; x_wconf 79' lang='lat' dir='ltr'>non</span> <span class='ocrx_word' id='word_1_40' title='bbox 763 480 836 528; x_wconf 77' lang='lat' dir='ltr'>est,</span> <span class='ocrx_word' id='word_1_41' title='bbox 857 481 894 515; x_wconf 78' lang='lat' dir='ltr'>et</span> <span class='ocrx_word' id='word_1_42' title='bbox 914 475 982 516; x_wconf 77' lang='lat' dir='ltr'>hic</span> <span class='ocrx_word' id='word_1_43' title='bbox 1004 482 1063 518; x_wconf 79' lang='lat' dir='ltr'>est</span> <span class='ocrx_word' id='word_1_44' title='bbox 1079 476 1390 527; x_wconf 75' lang='lat' dir='ltr'><strong><em>Antichristus,</em></strong></span> <span class='ocrx_word' id='word_1_45' title='bbox 1411 476 1463 518; x_wconf 88' lang='lat' dir='ltr'>de</span> <span class='ocrx_word' id='word_1_46' title='bbox 1479 490 1562 532; x_wconf 84' lang='lat' dir='ltr'>quo</span> <span class='ocrx_word' id='word_1_47' title='bbox 1585 475 1787 528; x_wconf 77' lang='lat' dir='ltr'>audistis,</span> 
     </span>
     <span class='ocr_line' id='line_1_11' title="bbox 331 531 1788 584; baseline -0.001 -9"><span class='ocrx_word' id='word_1_48' title='bbox 331 534 512 575; x_wconf 84' lang='lat' dir='ltr'>uoniam</span> <span class='ocrx_word' id='word_1_49' title='bbox 532 533 647 574; x_wconf 81' lang='lat' dir='ltr'>venit</span> <span class='ocrx_word' id='word_1_50' title='bbox 675 538 712 573; x_wconf 83' lang='lat' dir='ltr'>et</span> <span class='ocrx_word' id='word_1_51' title='bbox 731 547 849 573; x_wconf 76' lang='lat' dir='ltr'>nunc</span> <span class='ocrx_word' id='word_1_52' title='bbox 877 532 967 572; x_wconf 84' lang='lat' dir='ltr'>iam</span> <span class='ocrx_word' id='word_1_53' title='bbox 986 533 1034 574; x_wconf 78' lang='lat' dir='ltr'>in</span> <span class='ocrx_word' id='word_1_54' title='bbox 1053 532 1216 574; x_wconf 79' lang='lat' dir='ltr'>mundo</span> <span class='ocrx_word' id='word_1_55' title='bbox 1237 538 1297 573; x_wconf 80' lang='lat' dir='ltr'>est</span> <span class='ocrx_word' id='word_1_56' title='bbox 1304 547 1319 584; x_wconf 90' lang='lat'><em>;</em></span> <span class='ocrx_word' id='word_1_57' title='bbox 1352 532 1462 574; x_wconf 88' lang='lat' dir='ltr'>sicut</span> <span class='ocrx_word' id='word_1_58' title='bbox 1491 531 1595 574; x_wconf 85' lang='lat' dir='ltr'>dicit</span> <span class='ocrx_word' id='word_1_59' title='bbox 1617 537 1788 574; x_wconf 83' lang='lat' dir='ltr'>sanctus</span> 
     </span>
     <span class='ocr_line' id='line_1_12' title="bbox 326 586 1805 644; baseline -0.002 -13"><span class='ocrx_word' id='word_1_60' title='bbox 326 589 512 631; x_wconf 87' lang='lat' dir='ltr'>ohannes</span> <span class='ocrx_word' id='word_1_61' title='bbox 532 586 766 643; x_wconf 88' lang='lat' dir='ltr'>apostolus:</span> <span class='ocrx_word' id='word_1_62' title='bbox 797 588 982 642; x_wconf 81' lang='lat' dir='ltr'><strong><em>Ideoque</em></strong></span> <span class='ocrx_word' id='word_1_63' title='bbox 998 588 1180 644; x_wconf 77' lang='lat' dir='ltr'>probate</span> <span class='ocrx_word' id='word_1_64' title='bbox 1201 604 1220 630; x_wconf 81' lang='lat' dir='ltr'>s</span> <span class='ocrx_word' id='word_1_65' title='bbox 1254 589 1398 640; x_wconf 79' lang='lat' dir='ltr'>iritus,</span> <span class='ocrx_word' id='word_1_66' title='bbox 1418 589 1459 630; x_wconf 74' lang='lat' dir='ltr'>si</span> <span class='ocrx_word' id='word_1_67' title='bbox 1477 603 1531 630; x_wconf 68' lang='grc' dir='ltr'>εει·</span> <span class='ocrx_word' id='word_1_68' title='bbox 1552 587 1642 630; x_wconf 88' lang='lat' dir='ltr'>Deo</span> <span class='ocrx_word' id='word_1_69' title='bbox 1668 593 1805 637; x_wconf 57' lang='lat' dir='ltr'>sunt„</span> 
     </span>
     <span class='ocr_line' id='line_1_13' title="bbox 302 642 1788 701; baseline -0.002 -14"><span class='ocrx_word' id='word_1_70' title='bbox 302 645 484 701; x_wconf 83' lang='lat' dir='ltr'><strong>Scripsit</strong></span> <span class='ocrx_word' id='word_1_71' title='bbox 506 646 618 686; x_wconf 91' lang='lat' dir='ltr'>enim</span> <span class='ocrx_word' id='word_1_72' title='bbox 638 642 894 686; x_wconf 87' lang='lat' dir='ltr'>Hildebrant</span> <span class='ocrx_word' id='word_1_73' title='bbox 920 658 1046 699; x_wconf 88' lang='lat' dir='ltr'>papa,</span> <span class='ocrx_word' id='word_1_74' title='bbox 1076 658 1204 686; x_wconf 88' lang='lat' dir='ltr'>secun</span> <span class='ocrx_word' id='word_1_75' title='bbox 1236 658 1308 685; x_wconf 93' lang='lat' dir='ltr'>um</span> <span class='ocrx_word' id='word_1_76' title='bbox 1336 642 1451 699; x_wconf 88' lang='lat' dir='ltr'>quod</span> <span class='ocrx_word' id='word_1_77' title='bbox 1476 657 1605 699; x_wconf 82' lang='lat' dir='ltr'>supra</span> <span class='ocrx_word' id='word_1_78' title='bbox 1625 642 1788 686; x_wconf 87' lang='lat' dir='ltr'>dictum</span> 
     </span>
     <span class='ocr_line' id='line_1_14' title="bbox 301 697 1788 757; baseline -0.002 -14"><span class='ocrx_word' id='word_1_79' title='bbox 301 707 405 753; x_wconf 87' lang='lat' dir='ltr'>est1,</span> <span class='ocrx_word' id='word_1_80' title='bbox 426 700 690 742; x_wconf 86' lang='lat' dir='ltr'>Herimanno</span> <span class='ocrx_word' id='word_1_81' title='bbox 707 699 887 741; x_wconf 89' lang='lat' dir='ltr'>Metensi</span> <span class='ocrx_word' id='word_1_82' title='bbox 908 700 1124 755; x_wconf 88' lang='lat' dir='ltr'>episcopo,</span> <span class='ocrx_word' id='word_1_83' title='bbox 1147 699 1262 757; x_wconf 91' lang='lat' dir='ltr'>quod</span> <span class='ocrx_word' id='word_1_84' title='bbox 1277 699 1370 756; x_wconf 87' lang='lat' dir='ltr'>ipse</span> <span class='ocrx_word' id='word_1_85' title='bbox 1391 697 1588 755; x_wconf 87' lang='lat' dir='ltr'>exemplo</span> <span class='ocrx_word' id='word_1_86' title='bbox 1607 697 1788 742; x_wconf 85' lang='lat' dir='ltr'>alicuius</span> 
     </span>
     <span class='ocr_line' id='line_1_15' title="bbox 299 754 1786 812; baseline -0.001 -13"><span class='ocrx_word' id='word_1_87' title='bbox 299 756 481 799; x_wconf 89' lang='lat' dir='ltr'>Romani</span> <span class='ocrx_word' id='word_1_88' title='bbox 504 756 720 812; x_wconf 88' lang='lat' dir='ltr'>pontificis</span> <span class='ocrx_word' id='word_1_89' title='bbox 758 761 1014 811; x_wconf 88' lang='lat' dir='ltr'>potestatem</span> <span class='ocrx_word' id='word_1_90' title='bbox 1044 756 1239 798; x_wconf 88' lang='lat' dir='ltr'>habuerit</span> <span class='ocrx_word' id='word_1_91' title='bbox 1267 754 1431 797; x_wconf 87' lang='lat' dir='ltr'>solvere</span> <span class='ocrx_word' id='word_1_92' title='bbox 1463 770 1490 796; x_wconf 88' lang='lat' dir='ltr'>a</span> <span class='ocrx_word' id='word_1_93' title='bbox 1521 761 1786 797; x_wconf 78' lang='lat' dir='ltr'>sacramento</span> 
     </span>
     <span class='ocr_line' id='line_1_16' title="bbox 298 809 1789 869; baseline -0.002 -14"><span class='ocrx_word' id='word_1_94' title='bbox 298 813 515 869; x_wconf 84' lang='lat' dir='ltr'>principes</span> <span class='ocrx_word' id='word_1_95' title='bbox 529 812 663 868; x_wconf 88' lang='lat' dir='ltr'>regni,</span> <span class='ocrx_word' id='word_1_96' title='bbox 680 812 810 853; x_wconf 92' lang='lat' dir='ltr'>immo</span> <span class='ocrx_word' id='word_1_97' title='bbox 827 811 990 853; x_wconf 88' lang='lat' dir='ltr'>solvere</span> <span class='ocrx_word' id='word_1_98' title='bbox 1005 812 1049 853; x_wconf 92' lang='lat' dir='ltr'>in</span> <span class='ocrx_word' id='word_1_99' title='bbox 1063 812 1115 853; x_wconf 86' lang='lat' dir='ltr'>iis</span> <span class='ocrx_word' id='word_1_100' title='bbox 1131 817 1455 859; x_wconf 86' lang='lat' dir='ltr'>sacramentum,</span> <span class='ocrx_word' id='word_1_101' title='bbox 1476 824 1561 867; x_wconf 91' lang='lat' dir='ltr'>quo</span> <span class='ocrx_word' id='word_1_102' title='bbox 1577 809 1705 853; x_wconf 87' lang='lat' dir='ltr'>fidem</span> <span class='ocrx_word' id='word_1_103' title='bbox 1720 809 1789 853; x_wconf 90' lang='lat' dir='ltr'>vel</span> 
     </span>
     <span class='ocr_line' id='line_1_17' title="bbox 299 866 1788 925; baseline -0.002 -14"><span class='ocrx_word' id='word_1_104' title='bbox 299 875 474 925; x_wconf 89' lang='lat' dir='ltr'>pactum</span> <span class='ocrx_word' id='word_1_105' title='bbox 503 869 787 924; x_wconf 83' lang='lat' dir='ltr'><strong>promiserant</strong></span> <span class='ocrx_word' id='word_1_106' title='bbox 805 868 898 922; x_wconf 89' lang='lat' dir='ltr'>regi</span> <span class='ocrx_word' id='word_1_107' title='bbox 918 882 1008 909; x_wconf 88' lang='lat' dir='ltr'>suo.</span> <span class='ocrx_word' id='word_1_108' title='bbox 1061 867 1336 920; x_wconf 80' lang='lat' dir='ltr'>Miseremini,</span> <span class='ocrx_word' id='word_1_109' title='bbox 1366 881 1390 909; x_wconf 92' lang='grc' dir='ltr'>ο</span> <span class='ocrx_word' id='word_1_110' title='bbox 1423 866 1644 923; x_wconf 83' lang='lat' dir='ltr'>principes</span> <span class='ocrx_word' id='word_1_111' title='bbox 1665 867 1788 923; x_wconf 87' lang='lat' dir='ltr'>regni</span> 
     </span>
     <span class='ocr_line' id='line_1_18' title="bbox 300 922 1789 981; baseline -0.002 -14"><span class='ocrx_word' id='word_1_112' title='bbox 300 924 507 977; x_wconf 86' lang='lat' dir='ltr'>caelestis,</span> <span class='ocrx_word' id='word_1_113' title='bbox 528 923 712 981; x_wconf 87' lang='lat' dir='ltr'>populus</span> <span class='ocrx_word' id='word_1_114' title='bbox 729 923 825 977; x_wconf 89' lang='lat' dir='ltr'>Dei,</span> <span class='ocrx_word' id='word_1_115' title='bbox 852 924 888 964; x_wconf 88' lang='lat' dir='ltr'>si</span> <span class='ocrx_word' id='word_1_116' title='bbox 908 929 1051 965; x_wconf 87' lang='lat' dir='ltr'>tamen</span> <span class='ocrx_word' id='word_1_117' title='bbox 1071 924 1170 966; x_wconf 90' lang='lat' dir='ltr'>estis</span> <span class='ocrx_word' id='word_1_118' title='bbox 1193 922 1376 979; x_wconf 88' lang='lat' dir='ltr'>pacifici,</span> <span class='ocrx_word' id='word_1_119' title='bbox 1396 930 1437 965; x_wconf 90' lang='lat' dir='ltr'>et</span> <span class='ocrx_word' id='word_1_120' title='bbox 1457 923 1493 964; x_wconf 86' lang='lat' dir='ltr'>si</span> <span class='ocrx_word' id='word_1_121' title='bbox 1512 923 1614 965; x_wconf 85' lang='lat' dir='ltr'>estis</span> <span class='ocrx_word' id='word_1_122' title='bbox 1633 923 1679 964; x_wconf 90' lang='lat' dir='ltr'>in</span> <span class='ocrx_word' id='word_1_123' title='bbox 1698 923 1789 964; x_wconf 91' lang='lat' dir='ltr'>uni-</span> 
     </span>
     <span class='ocr_line' id='line_1_19' title="bbox 298 978 1787 1035; baseline -0.001 -13"><span class='ocrx_word' id='word_1_124' title='bbox 298 988 384 1023; x_wconf 84' lang='lat' dir='ltr'><strong>tate</strong></span> <span class='ocrx_word' id='word_1_125' title='bbox 404 979 608 1022; x_wconf 88' lang='lat' dir='ltr'>ecclesiae</span> <span class='ocrx_word' id='word_1_126' title='bbox 624 979 721 1033; x_wconf 89' lang='lat' dir='ltr'>Dei,</span> <span class='ocrx_word' id='word_1_127' title='bbox 741 993 831 1033; x_wconf 86' lang='lat' dir='ltr'>vos,</span> <span class='ocrx_word' id='word_1_128' title='bbox 847 979 1036 1035; x_wconf 90' lang='lat' dir='ltr'>inquam,</span> <span class='ocrx_word' id='word_1_129' title='bbox 1055 979 1327 1032; x_wconf 84' lang='lat' dir='ltr'>miseremini,</span> <span class='ocrx_word' id='word_1_130' title='bbox 1344 979 1474 1020; x_wconf 91' lang='lat' dir='ltr'>immo</span> <span class='ocrx_word' id='word_1_131' title='bbox 1489 978 1787 1035; x_wconf 88' lang='lat' dir='ltr'>indignemini,</span> 
     </span>
     <span class='ocr_line' id='line_1_20' title="bbox 300 1034 1790 1093; baseline -0.001 -15"><span class='ocrx_word' id='word_1_132' title='bbox 300 1036 416 1093; x_wconf 89' lang='lat' dir='ltr'>quod</span> <span class='ocrx_word' id='word_1_133' title='bbox 445 1036 688 1078; x_wconf 82' lang='lat' dir='ltr'>aestimavit</span> <span class='ocrx_word' id='word_1_134' title='bbox 714 1049 793 1077; x_wconf 89' lang='lat' dir='ltr'>vos</span> <span class='ocrx_word' id='word_1_135' title='bbox 822 1034 918 1076; x_wconf 83' lang='lat' dir='ltr'>talis</span> <span class='ocrx_word' id='word_1_136' title='bbox 947 1036 1165 1089; x_wconf 86' lang='lat' dir='ltr'>momenti,</span> <span class='ocrx_word' id='word_1_137' title='bbox 1195 1043 1243 1077; x_wconf 87' lang='lat' dir='ltr'>ut</span> <span class='ocrx_word' id='word_1_138' title='bbox 1272 1041 1454 1091; x_wconf 87' lang='lat' dir='ltr'>putaret,</span> <span class='ocrx_word' id='word_1_139' title='bbox 1483 1049 1560 1090; x_wconf 84' lang='lat' dir='ltr'>vos</span> <span class='ocrx_word' id='word_1_140' title='bbox 1590 1049 1716 1091; x_wconf 88' lang='lat' dir='ltr'>posse</span> <span class='ocrx_word' id='word_1_141' title='bbox 1744 1035 1790 1076; x_wconf 90' lang='lat' dir='ltr'>in</span> 
     </span>
     <span class='ocr_line' id='line_1_21' title="bbox 298 1090 1803 1148; baseline -0.001 -14"><span class='ocrx_word' id='word_1_142' title='bbox 298 1092 408 1134; x_wconf 85' lang='lat' dir='ltr'>hanc</span> <span class='ocrx_word' id='word_1_143' title='bbox 439 1092 690 1135; x_wconf 84' lang='lat' dir='ltr'>sententiam</span> <span class='ocrx_word' id='word_1_144' title='bbox 720 1091 889 1143; x_wconf 84' lang='lat' dir='ltr'>adduci,</span> <span class='ocrx_word' id='word_1_145' title='bbox 919 1097 968 1133; x_wconf 93' lang='lat' dir='ltr'>ut</span> <span class='ocrx_word' id='word_1_146' title='bbox 986 1091 1030 1133; x_wconf 89' lang='lat' dir='ltr'>id</span> <span class='ocrx_word' id='word_1_147' title='bbox 1060 1091 1176 1148; x_wconf 88' lang='lat' dir='ltr'>quod</span> <span class='ocrx_word' id='word_1_148' title='bbox 1204 1106 1290 1132; x_wconf 90' lang='lat' dir='ltr'>non</span> <span class='ocrx_word' id='word_1_149' title='bbox 1310 1097 1451 1147; x_wconf 86' lang='lat' dir='ltr'>potest</span> <span class='ocrx_word' id='word_1_150' title='bbox 1479 1090 1572 1133; x_wconf 90' lang='lat' dir='ltr'>fieri</span> <span class='ocrx_word' id='word_1_151' title='bbox 1601 1090 1803 1133; x_wconf 81' lang='lat' dir='ltr'>credatis·</span> 
     </span>
     <span class='ocr_line' id='line_1_22' title="bbox 299 1145 1789 1205; baseline -0.001 -15"><span class='ocrx_word' id='word_1_152' title='bbox 299 1163 426 1205; x_wconf 89' lang='lat' dir='ltr'>posse</span> <span class='ocrx_word' id='word_1_153' title='bbox 454 1148 559 1190; x_wconf 87' lang='lat' dir='ltr'>fieri.</span> <span class='ocrx_word' id='word_1_154' title='bbox 612 1147 724 1189; x_wconf 89' lang='lat' dir='ltr'>Nam</span> <span class='ocrx_word' id='word_1_155' title='bbox 754 1155 1063 1190; x_wconf 89' lang='lat' dir='ltr'>sacramentum</span> <span class='ocrx_word' id='word_1_156' title='bbox 1094 1148 1250 1189; x_wconf 86' lang='lat' dir='ltr'>dicitur</span> <span class='ocrx_word' id='word_1_157' title='bbox 1279 1161 1449 1204; x_wconf 90' lang='lat' dir='ltr'>quoque</span> <span class='ocrx_word' id='word_1_158' title='bbox 1478 1145 1789 1200; x_wconf 84' lang='lat' dir='ltr'>iusiurandum,</span> 
     </span>
     <span class='ocr_line' id='line_1_23' title="bbox 300 1203 1789 1260; baseline -0.002 -13"><span class='ocrx_word' id='word_1_159' title='bbox 300 1210 342 1247; x_wconf 92' lang='lat' dir='ltr'>et</span> <span class='ocrx_word' id='word_1_160' title='bbox 371 1210 684 1246; x_wconf 86' lang='lat' dir='ltr'>sacramentum</span> <span class='ocrx_word' id='word_1_161' title='bbox 714 1203 875 1245; x_wconf 91' lang='lat' dir='ltr'>dictum</span> <span class='ocrx_word' id='word_1_162' title='bbox 906 1209 970 1245; x_wconf 89' lang='lat' dir='ltr'>est</span> <span class='ocrx_word' id='word_1_163' title='bbox 999 1204 1054 1246; x_wconf 87' lang='lat' dir='ltr'>ab</span> <span class='ocrx_word' id='word_1_164' title='bbox 1085 1218 1148 1257; x_wconf 89' lang='lat' dir='ltr'>eo,</span> <span class='ocrx_word' id='word_1_165' title='bbox 1179 1203 1293 1260; x_wconf 91' lang='lat' dir='ltr'>quod</span> <span class='ocrx_word' id='word_1_166' title='bbox 1324 1204 1379 1245; x_wconf 90' lang='lat' dir='ltr'>sit</span> <span class='ocrx_word' id='word_1_167' title='bbox 1407 1216 1574 1245; x_wconf 87' lang='lat' dir='ltr'>sacrum</span> <span class='ocrx_word' id='word_1_168' title='bbox 1606 1203 1789 1258; x_wconf 88' lang='lat' dir='ltr'>signum,</span> 
     </span>
     <span class='ocr_line' id='line_1_24' title="bbox 300 1258 1789 1315; baseline -0.001 -13"><span class='ocrx_word' id='word_1_169' title='bbox 300 1267 359 1313; x_wconf 85' lang='lat' dir='ltr'>ut,</span> <span class='ocrx_word' id='word_1_170' title='bbox 389 1260 491 1302; x_wconf 92' lang='lat' dir='ltr'>dum</span> <span class='ocrx_word' id='word_1_171' title='bbox 520 1258 742 1302; x_wconf 86' lang='lat' dir='ltr'>visibiliter</span> <span class='ocrx_word' id='word_1_172' title='bbox 769 1259 1062 1301; x_wconf 88' lang='lat' dir='ltr'>iusiurandum</span> <span class='ocrx_word' id='word_1_173' title='bbox 1092 1260 1245 1315; x_wconf 88' lang='lat' dir='ltr'>agitur,</span> <span class='ocrx_word' id='word_1_174' title='bbox 1275 1258 1500 1301; x_wconf 89' lang='lat' dir='ltr'>invisibilis</span> <span class='ocrx_word' id='word_1_175' title='bbox 1527 1258 1590 1301; x_wconf 90' lang='lat' dir='ltr'>rei</span> <span class='ocrx_word' id='word_1_176' title='bbox 1619 1272 1789 1301; x_wconf 83' lang='lat' dir='ltr'>sacrum</span> 
     </span>
     <span class='ocr_line' id='line_1_25' title="bbox 299 1314 1788 1371; baseline -0.001 -13"><span class='ocrx_word' id='word_1_177' title='bbox 299 1317 470 1371; x_wconf 88' lang='lat' dir='ltr'>signum</span> <span class='ocrx_word' id='word_1_178' title='bbox 498 1314 771 1371; x_wconf 85' lang='lat' dir='ltr'>intelligatur.</span> <span class='ocrx_word' id='word_1_179' title='bbox 824 1315 1001 1357; x_wconf 76' lang='lat' dir='ltr'>Iurabis</span> <span class='ocrx_word' id='word_1_180' title='bbox 1023 1317 1148 1369; x_wconf 78' lang='lat' dir='ltr'>enim,</span> <span class='ocrx_word' id='word_1_181' title='bbox 1178 1315 1318 1371; x_wconf 92' lang='lat' dir='ltr'>inquit</span> <span class='ocrx_word' id='word_1_182' title='bbox 1345 1315 1570 1367; x_wconf 85' lang='lat' dir='ltr'>Dominus,</span> <span class='ocrx_word' id='word_1_183' title='bbox 1599 1316 1647 1357; x_wconf 84' lang='lat' dir='ltr'>in</span> <span class='ocrx_word' id='word_1_184' title='bbox 1676 1316 1788 1357; x_wconf 78' lang='lat' dir='ltr'>veri-</span> 
     </span>
     <span class='ocr_line' id='line_1_26' title="bbox 300 1368 1790 1427; baseline -0.001 -13"><span class='ocrx_word' id='word_1_185' title='bbox 300 1379 394 1426; x_wconf 81' lang='lat' dir='ltr'>tate,</span> <span class='ocrx_word' id='word_1_186' title='bbox 422 1373 471 1414; x_wconf 79' lang='lat' dir='ltr'>in</span> <span class='ocrx_word' id='word_1_187' title='bbox 491 1372 657 1414; x_wconf 79' lang='lat' dir='ltr'>iudicio</span> <span class='ocrx_word' id='word_1_188' title='bbox 687 1378 723 1413; x_wconf 83' lang='lat' dir='ltr'>et</span> <span class='ocrx_word' id='word_1_189' title='bbox 743 1373 792 1413; x_wconf 80' lang='lat' dir='ltr'>in</span> <span class='ocrx_word' id='word_1_190' title='bbox 813 1372 998 1414; x_wconf 76' lang='lat' dir='ltr'>iustitia.</span> <span class='ocrx_word' id='word_1_191' title='bbox 1044 1371 1152 1424; x_wconf 80' lang='lat' dir='ltr'>Quis</span> <span class='ocrx_word' id='word_1_192' title='bbox 1173 1371 1284 1413; x_wconf 90' lang='lat' dir='ltr'>enim</span> <span class='ocrx_word' id='word_1_193' title='bbox 1314 1377 1456 1427; x_wconf 87' lang='lat' dir='ltr'>potest</span> <span class='ocrx_word' id='word_1_194' title='bbox 1483 1369 1589 1412; x_wconf 87' lang='lat' dir='ltr'>haec</span> <span class='ocrx_word' id='word_1_195' title='bbox 1613 1368 1790 1424; x_wconf 88' lang='lat' dir='ltr'>solvere,</span> 
     </span>
     <span class='ocr_line' id='line_1_27' title="bbox 331 1426 1792 1484; baseline -0.001 -14"><span class='ocrx_word' id='word_1_196' title='bbox 331 1443 435 1481; x_wconf 87' lang='lat' dir='ltr'>uae,</span> <span class='ocrx_word' id='word_1_197' title='bbox 485 1428 597 1470; x_wconf 85' lang='lat' dir='ltr'>sicut</span> <span class='ocrx_word' id='word_1_198' title='bbox 638 1426 860 1483; x_wconf 88' lang='lat' dir='ltr'>psalmista</span> <span class='ocrx_word' id='word_1_199' title='bbox 902 1428 983 1480; x_wconf 92' lang='lat' dir='ltr'>ait,</span> <span class='ocrx_word' id='word_1_200' title='bbox 1028 1434 1127 1470; x_wconf 87' lang='lat' dir='ltr'>sunt</span> <span class='ocrx_word' id='word_1_201' title='bbox 1175 1442 1307 1484; x_wconf 89' lang='lat' dir='ltr'>opera</span> <span class='ocrx_word' id='word_1_202' title='bbox 1354 1440 1559 1468; x_wconf 88' lang='lat' dir='ltr'>manuum</span> <span class='ocrx_word' id='word_1_203' title='bbox 1606 1433 1792 1480; x_wconf 80' lang='lat' dir='ltr'>tuarum,</span> 
     </span>
    </p>

    <p class='ocr_par' dir='ltr' id='par_1_10' title="bbox 298 1481 1842 2257">
     <span class='ocr_line' id='line_1_28' title="bbox 348 1481 1791 1540; baseline -0.001 -15"><span class='ocrx_word' id='word_1_204' title='bbox 348 1483 523 1526; x_wconf 80' lang='lat' dir='ltr'>omine?</span> <span class='ocrx_word' id='word_1_205' title='bbox 588 1483 732 1539; x_wconf 76' lang='lat' dir='ltr'>Opera</span> <span class='ocrx_word' id='word_1_206' title='bbox 771 1499 981 1525; x_wconf 82' lang='lat' dir='ltr'>manuum</span> <span class='ocrx_word' id='word_1_207' title='bbox 1024 1485 1132 1537; x_wconf 75' lang='lat' dir='ltr'>eius,</span> <span class='ocrx_word' id='word_1_208' title='bbox 1170 1484 1308 1540; x_wconf 88' lang='lat' dir='ltr'>inquit</span> <span class='ocrx_word' id='word_1_209' title='bbox 1343 1481 1578 1539; x_wconf 86' lang='lat' dir='ltr'>psalmista,</span> <span class='ocrx_word' id='word_1_210' title='bbox 1613 1483 1791 1536; x_wconf 76' lang='lat' dir='ltr'>veritas,</span> 
     </span>
     <span class='ocr_line' id='line_1_29' title="bbox 299 1539 1788 1594; baseline -0.001 -12"><span class='ocrx_word' id='word_1_211' title='bbox 299 1542 513 1583; x_wconf 83' lang='lat' dir='ltr'>iudicium</span> <span class='ocrx_word' id='word_1_212' title='bbox 523 1555 539 1593; x_wconf 92' lang='lat'>,·</span> <span class='ocrx_word' id='word_1_213' title='bbox 566 1540 726 1594; x_wconf 79' lang='lat' dir='ltr'>fidelia</span> <span class='ocrx_word' id='word_1_214' title='bbox 765 1541 911 1581; x_wconf 81' lang='lat' dir='ltr'>omnia</span> <span class='ocrx_word' id='word_1_215' title='bbox 941 1540 1159 1582; x_wconf 75' lang='lat' dir='ltr'>mandata</span> <span class='ocrx_word' id='word_1_216' title='bbox 1188 1541 1283 1581; x_wconf 77' lang='lat' dir='ltr'>eius</span> <span class='ocrx_word' id='word_1_217' title='bbox 1313 1539 1587 1593; x_wconf 78' lang='lat' dir='ltr'>confirmavit</span> <span class='ocrx_word' id='word_1_218' title='bbox 1614 1540 1662 1580; x_wconf 84' lang='lat' dir='ltr'>in</span> <span class='ocrx_word' id='word_1_219' title='bbox 1693 1553 1788 1580; x_wconf 77' lang='lat' dir='ltr'>sae-</span> 
     </span>
     <span class='ocr_line' id='line_1_30' title="bbox 300 1594 1790 1651; baseline -0.001 -13"><span class='ocrx_word' id='word_1_220' title='bbox 300 1596 445 1638; x_wconf 81' lang='lat' dir='ltr'>culum</span> <span class='ocrx_word' id='word_1_221' title='bbox 475 1595 653 1648; x_wconf 81' lang='lat' dir='ltr'>saeculi,</span> <span class='ocrx_word' id='word_1_222' title='bbox 671 1595 809 1651; x_wconf 80' lang='lat' dir='ltr'>facta</span> <span class='ocrx_word' id='word_1_223' title='bbox 838 1597 887 1637; x_wconf 83' lang='lat' dir='ltr'>in</span> <span class='ocrx_word' id='word_1_224' title='bbox 917 1597 1095 1637; x_wconf 79' lang='lat' dir='ltr'>veritate</span> <span class='ocrx_word' id='word_1_225' title='bbox 1125 1602 1163 1637; x_wconf 81' lang='lat' dir='ltr'>et</span> <span class='ocrx_word' id='word_1_226' title='bbox 1187 1596 1415 1651; x_wconf 82' lang='lat' dir='ltr'>aequitate.</span> <span class='ocrx_word' id='word_1_227' title='bbox 1461 1595 1607 1650; x_wconf 85' lang='lat' dir='ltr'>Opera</span> <span class='ocrx_word' id='word_1_228' title='bbox 1626 1594 1790 1651; x_wconf 85' lang='lat' dir='ltr'>quippe</span> 
     </span>
     <span class='ocr_line' id='line_1_31' title="bbox 299 1648 1789 1704; baseline -0.001 -11"><span class='ocrx_word' id='word_1_229' title='bbox 299 1652 466 1694; x_wconf 87' lang='lat' dir='ltr'>virtutis</span> <span class='ocrx_word' id='word_1_230' title='bbox 486 1651 571 1693; x_wconf 92' lang='lat' dir='ltr'>Dei</span> <span class='ocrx_word' id='word_1_231' title='bbox 601 1658 700 1693; x_wconf 87' lang='lat' dir='ltr'>sunt</span> <span class='ocrx_word' id='word_1_232' title='bbox 720 1652 890 1703; x_wconf 83' lang='lat' dir='ltr'>veritas,</span> <span class='ocrx_word' id='word_1_233' title='bbox 919 1650 1127 1692; x_wconf 88' lang='lat' dir='ltr'>iudicium</span> <span class='ocrx_word' id='word_1_234' title='bbox 1157 1657 1200 1692; x_wconf 90' lang='lat' dir='ltr'>et</span> <span class='ocrx_word' id='word_1_235' title='bbox 1217 1651 1388 1704; x_wconf 80' lang='lat' dir='ltr'>iustitia,</span> <span class='ocrx_word' id='word_1_236' title='bbox 1420 1656 1462 1692; x_wconf 89' lang='lat' dir='ltr'>et</span> <span class='ocrx_word' id='word_1_237' title='bbox 1480 1648 1623 1692; x_wconf 84' lang='lat' dir='ltr'>fidelia</span> <span class='ocrx_word' id='word_1_238' title='bbox 1644 1651 1789 1692; x_wconf 80' lang='lat' dir='ltr'>omnia</span> 
     </span>
     <span class='ocr_line' id='line_1_32' title="bbox 299 1707 1789 1763; baseline -0.001 -14"><span class='ocrx_word' id='word_1_239' title='bbox 299 1707 501 1749; x_wconf 88' lang='lat' dir='ltr'>mandata</span> <span class='ocrx_word' id='word_1_240' title='bbox 529 1708 619 1749; x_wconf 89' lang='lat' dir='ltr'>eius</span> <span class='ocrx_word' id='word_1_241' title='bbox 649 1713 758 1760; x_wconf 90' lang='lat' dir='ltr'>sunt,</span> <span class='ocrx_word' id='word_1_242' title='bbox 791 1720 901 1762; x_wconf 87' lang='lat' dir='ltr'>quae</span> <span class='ocrx_word' id='word_1_243' title='bbox 920 1721 1006 1748; x_wconf 92' lang='lat' dir='ltr'>non</span> <span class='ocrx_word' id='word_1_244' title='bbox 1025 1707 1243 1749; x_wconf 85' lang='lat' dir='ltr'>variantur</span> <span class='ocrx_word' id='word_1_245' title='bbox 1270 1720 1408 1763; x_wconf 91' lang='lat' dir='ltr'>neque</span> <span class='ocrx_word' id='word_1_246' title='bbox 1427 1712 1657 1759; x_wconf 87' lang='lat' dir='ltr'>mutantur,</span> <span class='ocrx_word' id='word_1_247' title='bbox 1688 1720 1789 1762; x_wconf 92' lang='lat' dir='ltr'>quo-</span> 
     </span>
     <span class='ocr_line' id='line_1_33' title="bbox 298 1760 1789 1818; baseline 0 -14"><span class='ocrx_word' id='word_1_248' title='bbox 298 1764 414 1804; x_wconf 91' lang='lat' dir='ltr'>niam</span> <span class='ocrx_word' id='word_1_249' title='bbox 435 1762 683 1804; x_wconf 87' lang='lat' dir='ltr'>confirmata</span> <span class='ocrx_word' id='word_1_250' title='bbox 711 1763 754 1803; x_wconf 88' lang='lat' dir='ltr'>in</span> <span class='ocrx_word' id='word_1_251' title='bbox 775 1761 990 1803; x_wconf 88' lang='lat' dir='ltr'>saeculum</span> <span class='ocrx_word' id='word_1_252' title='bbox 1011 1761 1169 1804; x_wconf 88' lang='lat' dir='ltr'>saeculi</span> <span class='ocrx_word' id='word_1_253' title='bbox 1198 1777 1275 1818; x_wconf 89' lang='lat' dir='ltr'>per</span> <span class='ocrx_word' id='word_1_254' title='bbox 1303 1761 1488 1803; x_wconf 81' lang='lat' dir='ltr'>humana</span> <span class='ocrx_word' id='word_1_255' title='bbox 1515 1760 1649 1803; x_wconf 86' lang='lat' dir='ltr'>verba</span> <span class='ocrx_word' id='word_1_256' title='bbox 1674 1761 1789 1804; x_wconf 92' lang='lat' dir='ltr'>nullo</span> 
     </span>
     <span class='ocr_line' id='line_1_34' title="bbox 299 1817 1842 1875; baseline 0 -15"><span class='ocrx_word' id='word_1_257' title='bbox 299 1819 426 1861; x_wconf 94' lang='lat' dir='ltr'>modo</span> <span class='ocrx_word' id='word_1_258' title='bbox 456 1818 689 1871; x_wconf 88' lang='lat' dir='ltr'>solvuntur,</span> <span class='ocrx_word' id='word_1_259' title='bbox 721 1833 830 1875; x_wconf 91' lang='lat' dir='ltr'>quae</span> <span class='ocrx_word' id='word_1_260' title='bbox 858 1817 992 1860; x_wconf 87' lang='lat' dir='ltr'>verbo</span> <span class='ocrx_word' id='word_1_261' title='bbox 1014 1818 1098 1860; x_wconf 92' lang='lat' dir='ltr'>Dei</span> <span class='ocrx_word' id='word_1_262' title='bbox 1127 1818 1442 1871; x_wconf 87' lang='lat' dir='ltr'>confirmantur,</span> <span class='ocrx_word' id='word_1_263' title='bbox 1472 1817 1587 1860; x_wconf 87' lang='lat' dir='ltr'>facta</span> <span class='ocrx_word' id='word_1_264' title='bbox 1615 1818 1662 1859; x_wconf 90' lang='lat' dir='ltr'>in</span> <span class='ocrx_word' id='word_1_265' title='bbox 1681 1818 1790 1860; x_wconf 89' lang='lat' dir='ltr'>veri·</span> <span class='ocrx_word' id='word_1_266' title='bbox 1839 1818 1842 1820; x_wconf 73' lang='grc'><strong>’</strong></span> 
     </span>
     <span class='ocr_line' id='line_1_35' title="bbox 299 1872 1788 1931; baseline -0.001 -15"><span class='ocrx_word' id='word_1_267' title='bbox 299 1881 384 1917; x_wconf 88' lang='lat' dir='ltr'>tate</span> <span class='ocrx_word' id='word_1_268' title='bbox 420 1882 462 1917; x_wconf 89' lang='lat' dir='ltr'>et</span> <span class='ocrx_word' id='word_1_269' title='bbox 498 1875 724 1931; x_wconf 87' lang='lat' dir='ltr'>aequitate.</span> <span class='ocrx_word' id='word_1_270' title='bbox 782 1874 950 1916; x_wconf 88' lang='lat' dir='ltr'>Veritas</span> <span class='ocrx_word' id='word_1_271' title='bbox 987 1875 1099 1916; x_wconf 85' lang='lat' dir='ltr'>enim</span> <span class='ocrx_word' id='word_1_272' title='bbox 1137 1880 1212 1926; x_wconf 91' lang='lat' dir='ltr'>est,</span> <span class='ocrx_word' id='word_1_273' title='bbox 1249 1888 1333 1930; x_wconf 88' lang='lat' dir='ltr'>qua</span> <span class='ocrx_word' id='word_1_274' title='bbox 1362 1873 1477 1915; x_wconf 82' lang='lat' dir='ltr'>dicta</span> <span class='ocrx_word' id='word_1_275' title='bbox 1506 1872 1788 1930; x_wconf 85' lang='lat' dir='ltr'>complentur,</span> 
     </span>
     <span class='ocr_line' id='line_1_36' title="bbox 298 1927 1790 1987; baseline -0.001 -15"><span class='ocrx_word' id='word_1_276' title='bbox 298 1931 506 1987; x_wconf 90' lang='lat' dir='ltr'>aequitas,</span> <span class='ocrx_word' id='word_1_277' title='bbox 546 1946 631 1987; x_wconf 89' lang='lat' dir='ltr'>qua</span> <span class='ocrx_word' id='word_1_278' title='bbox 667 1931 777 1972; x_wconf 90' lang='lat' dir='ltr'>iuste</span> <span class='ocrx_word' id='word_1_279' title='bbox 813 1930 1097 1986; x_wconf 90' lang='lat' dir='ltr'>proferuntur,</span> <span class='ocrx_word' id='word_1_280' title='bbox 1135 1930 1340 1972; x_wconf 89' lang='lat' dir='ltr'>iudicium</span> <span class='ocrx_word' id='word_1_281' title='bbox 1369 1943 1471 1971; x_wconf 89' lang='lat' dir='ltr'>vero</span> <span class='ocrx_word' id='word_1_282' title='bbox 1489 1927 1577 1983; x_wconf 83' lang='lat' dir='ltr'>est,</span> <span class='ocrx_word' id='word_1_283' title='bbox 1608 1943 1692 1986; x_wconf 92' lang='lat' dir='ltr'>quo</span> <span class='ocrx_word' id='word_1_284' title='bbox 1721 1929 1790 1972; x_wconf 85' lang='lat' dir='ltr'>vel</span> 
     </span>
     <span class='ocr_line' id='line_1_37' title="bbox 298 1986 1786 2042; baseline -0.001 -14"><span class='ocrx_word' id='word_1_285' title='bbox 298 1987 435 2028; x_wconf 87' lang='lat' dir='ltr'>iustus</span> <span class='ocrx_word' id='word_1_286' title='bbox 470 1986 538 2029; x_wconf 91' lang='lat' dir='ltr'>vel</span> <span class='ocrx_word' id='word_1_287' title='bbox 577 1987 755 2028; x_wconf 91' lang='lat' dir='ltr'>iniustus</span> <span class='ocrx_word' id='word_1_288' title='bbox 792 1986 961 2042; x_wconf 87' lang='lat' dir='ltr'>utrique</span> <span class='ocrx_word' id='word_1_289' title='bbox 1000 2000 1078 2042; x_wconf 89' lang='lat' dir='ltr'>pro</span> <span class='ocrx_word' id='word_1_290' title='bbox 1115 1986 1276 2028; x_wconf 86' lang='lat' dir='ltr'>meritis</span> <span class='ocrx_word' id='word_1_291' title='bbox 1321 1986 1409 2027; x_wconf 86' lang='lat' dir='ltr'>suis</span> <span class='ocrx_word' id='word_1_292' title='bbox 1451 1991 1786 2031; x_wconf 84' lang='lat' dir='ltr'>remunerantur,</span> 
     </span>
     <span class='ocr_line' id='line_1_38' title="bbox 301 2040 1787 2099; baseline 0 -15"><span class='ocrx_word' id='word_1_293' title='bbox 301 2042 402 2085; x_wconf 89' lang='lat' dir='ltr'>Sive</span> <span class='ocrx_word' id='word_1_294' title='bbox 430 2043 635 2084; x_wconf 90' lang='lat' dir='ltr'>iudicium</span> <span class='ocrx_word' id='word_1_295' title='bbox 664 2042 832 2095; x_wconf 89' lang='lat' dir='ltr'>dicitur,</span> <span class='ocrx_word' id='word_1_296' title='bbox 861 2042 984 2084; x_wconf 88' lang='lat' dir='ltr'>iuxta</span> <span class='ocrx_word' id='word_1_297' title='bbox 1013 2041 1128 2099; x_wconf 91' lang='lat' dir='ltr'>quod</span> <span class='ocrx_word' id='word_1_298' title='bbox 1157 2043 1202 2083; x_wconf 92' lang='lat' dir='ltr'>in</span> <span class='ocrx_word' id='word_1_299' title='bbox 1230 2041 1340 2083; x_wconf 90' lang='lat' dir='ltr'>libro</span> <span class='ocrx_word' id='word_1_300' title='bbox 1369 2041 1485 2084; x_wconf 88' lang='lat' dir='ltr'>beati</span> <span class='ocrx_word' id='word_1_301' title='bbox 1504 2040 1583 2083; x_wconf 89' lang='lat' dir='ltr'>Iob</span> <span class='ocrx_word' id='word_1_302' title='bbox 1609 2041 1648 2084; x_wconf 91' lang='lat' dir='ltr'>le</span> <span class='ocrx_word' id='word_1_303' title='bbox 1682 2042 1787 2084; x_wconf 80' lang='lat' dir='ltr'>&#39;turz</span> 
     </span>
     <span class='ocr_line' id='line_1_39' title="bbox 299 2097 1788 2155; baseline -0.001 -14"><span class='ocrx_word' id='word_1_304' title='bbox 299 2099 517 2154; x_wconf 75' lang='lat' dir='ltr'>Numquid</span> <span class='ocrx_word' id='word_1_305' title='bbox 562 2100 639 2155; x_wconf 80' lang='lat' dir='ltr'>qui</span> <span class='ocrx_word' id='word_1_306' title='bbox 681 2114 769 2141; x_wconf 79' lang='lat' dir='ltr'>non</span> <span class='ocrx_word' id='word_1_307' title='bbox 815 2104 933 2140; x_wconf 82' lang='lat' dir='ltr'>amat</span> <span class='ocrx_word' id='word_1_308' title='bbox 975 2099 1189 2140; x_wconf 84' lang='lat' dir='ltr'>iudicium</span> <span class='ocrx_word' id='word_1_309' title='bbox 1232 2098 1392 2140; x_wconf 80' lang='lat' dir='ltr'>sanari</span> <span class='ocrx_word' id='word_1_310' title='bbox 1427 2097 1597 2152; x_wconf 70' lang='lat' dir='ltr'>potest?</span> <span class='ocrx_word' id='word_1_311' title='bbox 1703 2097 1788 2140; x_wconf 89' lang='lat' dir='ltr'>nde</span> 
     </span>
     <span class='ocr_line' id='line_1_40' title="bbox 300 2153 1789 2211; baseline 0 -15"><span class='ocrx_word' id='word_1_312' title='bbox 300 2163 471 2197; x_wconf 87' lang='lat' dir='ltr'>sanctus</span> <span class='ocrx_word' id='word_1_313' title='bbox 509 2168 624 2211; x_wconf 86' lang='lat' dir='ltr'>papa</span> <span class='ocrx_word' id='word_1_314' title='bbox 662 2154 915 2210; x_wconf 78' lang='lat' dir='ltr'>Gregorius:</span> <span class='ocrx_word' id='word_1_315' title='bbox 958 2163 1063 2197; x_wconf 72' lang='lat' dir='ltr'>Amat</span> <span class='ocrx_word' id='word_1_316' title='bbox 1093 2163 1275 2205; x_wconf 76' lang='lat' dir='ltr'>iudicium,</span> <span class='ocrx_word' id='word_1_317' title='bbox 1310 2153 1451 2210; x_wconf 89' lang='lat' dir='ltr'>inquit</span> <span class='ocrx_word' id='word_1_318' title='bbox 1461 2161 1489 2206; x_wconf 84' lang='lat'>²,</span> <span class='ocrx_word' id='word_1_319' title='bbox 1528 2163 1684 2206; x_wconf 68' lang='lat' dir='ltr'>quisquis</span> <span class='ocrx_word' id='word_1_320' title='bbox 1710 2162 1789 2196; x_wconf 74' lang='lat' dir='ltr'>viae</span> 
     </span>
     <span class='ocr_line' id='line_1_41' title="bbox 299 2212 1790 2257; baseline -0.003 -9"><span class='ocrx_word' id='word_1_321' title='bbox 299 2226 383 2248; x_wconf 71' lang='lat' dir='ltr'>suas</span> <span class='ocrx_word' id='word_1_322' title='bbox 400 2214 572 2248; x_wconf 78' lang='lat' dir='ltr'>subtiliter</span> <span class='ocrx_word' id='word_1_323' title='bbox 593 2214 744 2256; x_wconf 72' lang='lat' dir='ltr'>discutit,</span> <span class='ocrx_word' id='word_1_324' title='bbox 770 2219 802 2247; x_wconf 79' lang='lat' dir='ltr'>et</span> <span class='ocrx_word' id='word_1_325' title='bbox 826 2213 1051 2247; x_wconf 75' lang='lat' dir='ltr'>secretarium</span> <span class='ocrx_word' id='word_1_326' title='bbox 1069 2213 1182 2246; x_wconf 71' lang='lat' dir='ltr'>cordis</span> <span class='ocrx_word' id='word_1_327' title='bbox 1203 2213 1392 2257; x_wconf 65' lang='lat' dir='ltr'>ingressus,</span> <span class='ocrx_word' id='word_1_328' title='bbox 1419 2213 1506 2256; x_wconf 84' lang='lat' dir='ltr'>quid</span> <span class='ocrx_word' id='word_1_329' title='bbox 1521 2212 1696 2245; x_wconf 72' lang='lat' dir='ltr'>Dominus</span> <span class='ocrx_word' id='word_1_330' title='bbox 1719 2212 1790 2255; x_wconf 62' lang='lat' dir='ltr'>ipsi</span> 
     </span>
    </p>
   </div>
   <div class='ocr_carea' id='block_1_10' title="bbox 299 2261 1789 2362">
    <p class='ocr_par' dir='ltr' id='par_1_11' title="bbox 299 2261 1789 2362">
     <span class='ocr_line' id='line_1_42' title="bbox 300 2261 1788 2307; baseline -0.002 -11"><span class='ocrx_word' id='word_1_331' title='bbox 300 2264 443 2305; x_wconf 80' lang='lat' dir='ltr'>tribuat,</span> <span class='ocrx_word' id='word_1_332' title='bbox 469 2263 557 2307; x_wconf 78' lang='lat' dir='ltr'>quid</span> <span class='ocrx_word' id='word_1_333' title='bbox 580 2263 654 2306; x_wconf 77' lang='lat' dir='ltr'>ipse</span> <span class='ocrx_word' id='word_1_334' title='bbox 671 2263 824 2297; x_wconf 73' lang='lat' dir='ltr'>Domino</span> <span class='ocrx_word' id='word_1_335' title='bbox 850 2263 984 2304; x_wconf 79' lang='lat' dir='ltr'>debeat,</span> <span class='ocrx_word' id='word_1_336' title='bbox 1003 2267 1143 2304; x_wconf 73' lang='lat' dir='ltr'>pensat.</span> <span class='ocrx_word' id='word_1_337' title='bbox 1201 2262 1284 2295; x_wconf 81' lang='lat' dir='ltr'>Tale</span> <span class='ocrx_word' id='word_1_338' title='bbox 1306 2261 1478 2295; x_wconf 81' lang='lat' dir='ltr'>iudicium</span> <span class='ocrx_word' id='word_1_339' title='bbox 1503 2261 1565 2304; x_wconf 78' lang='lat' dir='ltr'>qui</span> <span class='ocrx_word' id='word_1_340' title='bbox 1587 2272 1660 2294; x_wconf 66' lang='lat' dir='ltr'>‘non</span> <span class='ocrx_word' id='word_1_341' title='bbox 1681 2266 1788 2301; x_wconf 83' lang='lat' dir='ltr'>amat,</span> 
     </span>
     <span class='ocr_line' id='line_1_43' title="bbox 299 2306 1789 2362; baseline -0.003 -11"><span class='ocrx_word' id='word_1_342' title='bbox 299 2318 462 2362; x_wconf 73' lang='lat' dir='ltr'>nunquid</span> <span class='ocrx_word' id='word_1_343' title='bbox 480 2319 605 2352; x_wconf 74' lang='lat' dir='ltr'>sanari</span> <span class='ocrx_word' id='word_1_344' title='bbox 623 2317 764 2361; x_wconf 71' lang='lat' dir='ltr'>potest?</span> <span class='ocrx_word' id='word_1_345' title='bbox 806 2307 982 2349; x_wconf 69' lang='lat' dir='ltr'>Iurabis</span> <span class='ocrx_word' id='word_1_346' title='bbox 1003 2308 1129 2360; x_wconf 76' lang='lat' dir='ltr'>enim,</span> <span class='ocrx_word' id='word_1_347' title='bbox 1155 2306 1216 2348; x_wconf 75' lang='lat' dir='ltr'>ait</span> <span class='ocrx_word' id='word_1_348' title='bbox 1234 2306 1460 2357; x_wconf 80' lang='lat' dir='ltr'>Dominus,</span> <span class='ocrx_word' id='word_1_349' title='bbox 1485 2307 1534 2347; x_wconf 73' lang='lat' dir='ltr'>in</span> <span class='ocrx_word' id='word_1_350' title='bbox 1554 2307 1729 2348; x_wconf 75' lang='lat' dir='ltr'>veritate</span> <span class='ocrx_word' id='word_1_351' title='bbox 1751 2312 1789 2346; x_wconf 71' lang='lat' dir='ltr'>et</span> 
     </span>
    </p>
   </div>
   <div class='ocr_carea' id='block_1_11' title="bbox 299 2360 1788 2920">
    <p class='ocr_par' dir='ltr' id='par_1_12' title="bbox 299 2360 1788 2920">
     <span class='ocr_line' id='line_1_44' title="bbox 299 2360 1788 2418; baseline -0.001 -13"><span class='ocrx_word' id='word_1_352' title='bbox 299 2365 348 2405; x_wconf 79' lang='lat' dir='ltr'>in</span> <span class='ocrx_word' id='word_1_353' title='bbox 375 2364 541 2406; x_wconf 87' lang='lat' dir='ltr'>iudicio</span> <span class='ocrx_word' id='word_1_354' title='bbox 571 2370 608 2405; x_wconf 81' lang='lat' dir='ltr'>et</span> <span class='ocrx_word' id='word_1_355' title='bbox 634 2364 817 2406; x_wconf 77' lang='lat' dir='ltr'>iustitia.</span> <span class='ocrx_word' id='word_1_356' title='bbox 863 2363 931 2404; x_wconf 91' lang='lat' dir='ltr'>De</span> <span class='ocrx_word' id='word_1_357' title='bbox 961 2361 1116 2418; x_wconf 88' lang='lat' dir='ltr'>quibus</span> <span class='ocrx_word' id='word_1_358' title='bbox 1146 2364 1183 2404; x_wconf 89' lang='lat' dir='ltr'>si</span> <span class='ocrx_word' id='word_1_359' title='bbox 1212 2361 1367 2418; x_wconf 91' lang='lat' dir='ltr'>aliquis</span> <span class='ocrx_word' id='word_1_360' title='bbox 1397 2360 1559 2403; x_wconf 83' lang='lat' dir='ltr'>solutus</span> <span class='ocrx_word' id='word_1_361' title='bbox 1587 2361 1716 2403; x_wconf 87' lang='lat' dir='ltr'>fuerit</span> <span class='ocrx_word' id='word_1_362' title='bbox 1745 2367 1788 2403; x_wconf 91' lang='lat' dir='ltr'>et</span> 
     </span>
     <span class='ocr_line' id='line_1_45' title="bbox 300 2416 1785 2471; baseline -0.001 -11"><span class='ocrx_word' id='word_1_363' title='bbox 300 2418 405 2460; x_wconf 89' lang='lat' dir='ltr'>nihil</span> <span class='ocrx_word' id='word_1_364' title='bbox 433 2418 585 2461; x_wconf 87' lang='lat' dir='ltr'>horum</span> <span class='ocrx_word' id='word_1_365' title='bbox 613 2418 810 2461; x_wconf 89' lang='lat' dir='ltr'>habuerit</span> <span class='ocrx_word' id='word_1_366' title='bbox 833 2418 902 2460; x_wconf 88' lang='lat' dir='ltr'>vel</span> <span class='ocrx_word' id='word_1_367' title='bbox 930 2418 1150 2471; x_wconf 89' lang='lat' dir='ltr'>amaverit,</span> <span class='ocrx_word' id='word_1_368' title='bbox 1210 2417 1285 2459; x_wconf 91' lang='lat' dir='ltr'>uid</span> <span class='ocrx_word' id='word_1_369' title='bbox 1312 2424 1413 2460; x_wconf 87' lang='lat' dir='ltr'>tunc</span> <span class='ocrx_word' id='word_1_370' title='bbox 1435 2416 1547 2459; x_wconf 83' lang='lat' dir='ltr'>erit?</span> <span class='ocrx_word' id='word_1_371' title='bbox 1586 2416 1785 2459; x_wconf 88' lang='lat' dir='ltr'>Profecto</span> 
     </span>
     <span class='ocr_line' id='line_1_46' title="bbox 300 2471 1786 2530; baseline -0.001 -14"><span class='ocrx_word' id='word_1_372' title='bbox 300 2475 487 2516; x_wconf 86' lang='lat' dir='ltr'>mendax</span> <span class='ocrx_word' id='word_1_373' title='bbox 511 2480 552 2516; x_wconf 90' lang='lat' dir='ltr'>et</span> <span class='ocrx_word' id='word_1_374' title='bbox 577 2475 772 2516; x_wconf 74' lang='lat' dir='ltr'>iniustus.</span> <span class='ocrx_word' id='word_1_375' title='bbox 812 2474 981 2516; x_wconf 86' lang='lat' dir='ltr'>Veritas</span> <span class='ocrx_word' id='word_1_376' title='bbox 1005 2474 1164 2530; x_wconf 89' lang='lat' dir='ltr'>quippe</span> <span class='ocrx_word' id='word_1_377' title='bbox 1210 2474 1381 2530; x_wconf 89' lang='lat' dir='ltr'>oquitur</span> <span class='ocrx_word' id='word_1_378' title='bbox 1409 2473 1453 2514; x_wconf 90' lang='lat' dir='ltr'>in</span> <span class='ocrx_word' id='word_1_379' title='bbox 1479 2471 1702 2528; x_wconf 87' lang='lat' dir='ltr'>euangelio</span> <span class='ocrx_word' id='word_1_380' title='bbox 1733 2472 1786 2515; x_wconf 91' lang='lat' dir='ltr'>de</span> 
     </span>
     <span class='ocr_line' id='line_1_47' title="bbox 301 2529 1788 2587; baseline -0.001 -15"><span class='ocrx_word' id='word_1_381' title='bbox 301 2529 489 2573; x_wconf 89' lang='lat' dir='ltr'>diabolo:</span> <span class='ocrx_word' id='word_1_382' title='bbox 519 2530 611 2584; x_wconf 73' lang='lat' dir='ltr'>Ille,</span> <span class='ocrx_word' id='word_1_383' title='bbox 641 2531 849 2587; x_wconf 88' lang='lat' dir='ltr'>inquiens,</span> <span class='ocrx_word' id='word_1_384' title='bbox 881 2530 1100 2572; x_wconf 75' lang='lat' dir='ltr'>homicida</span> <span class='ocrx_word' id='word_1_385' title='bbox 1119 2535 1213 2571; x_wconf 75' lang='lat' dir='ltr'>erat</span> <span class='ocrx_word' id='word_1_386' title='bbox 1244 2530 1296 2571; x_wconf 81' lang='lat' dir='ltr'>ab</span> <span class='ocrx_word' id='word_1_387' title='bbox 1317 2530 1444 2572; x_wconf 81' lang='lat' dir='ltr'>initio</span> <span class='ocrx_word' id='word_1_388' title='bbox 1475 2535 1513 2570; x_wconf 83' lang='lat' dir='ltr'>et</span> <span class='ocrx_word' id='word_1_389' title='bbox 1540 2529 1590 2571; x_wconf 76' lang='lat' dir='ltr'>i‘n</span> <span class='ocrx_word' id='word_1_390' title='bbox 1609 2530 1788 2571; x_wconf 75' lang='lat' dir='ltr'>veritate</span> 
     </span>
     <span class='ocr_line' id='line_1_48' title="bbox 301 2585 1787 2643; baseline -0.001 -15"><span class='ocrx_word' id='word_1_391' title='bbox 301 2602 390 2628; x_wconf 77' lang='lat' dir='ltr'>‘non</span> <span class='ocrx_word' id='word_1_392' title='bbox 420 2589 544 2639; x_wconf 80' lang='lat' dir='ltr'>stetit,</span> <span class='ocrx_word' id='word_1_393' title='bbox 574 2589 681 2643; x_wconf 77' lang='lat' dir='ltr'>quia</span> <span class='ocrx_word' id='word_1_394' title='bbox 711 2588 871 2629; x_wconf 80' lang='lat' dir='ltr'>veritas</span> <span class='ocrx_word' id='word_1_395' title='bbox 901 2601 991 2628; x_wconf 79' lang='lat' dir='ltr'>non</span> <span class='ocrx_word' id='word_1_396' title='bbox 1020 2592 1081 2628; x_wconf 81' lang='lat' dir='ltr'>est</span> <span class='ocrx_word' id='word_1_397' title='bbox 1110 2587 1158 2627; x_wconf 82' lang='lat' dir='ltr'>in</span> <span class='ocrx_word' id='word_1_398' title='bbox 1188 2600 1248 2627; x_wconf 88' lang='lat' dir='ltr'>eo.</span> <span class='ocrx_word' id='word_1_399' title='bbox 1311 2585 1416 2629; x_wconf 83' lang='lat' dir='ltr'>Cum</span> <span class='ocrx_word' id='word_1_400' title='bbox 1444 2585 1638 2641; x_wconf 79' lang='lat' dir='ltr'>loquitur</span> <span class='ocrx_word' id='word_1_401' title='bbox 1674 2600 1787 2626; x_wconf 78' lang='lat' dir='ltr'>men-</span> 
     </span>
     <span class='ocr_line' id='line_1_49' title="bbox 303 2641 1788 2698; baseline -0.002 -15"><span class='ocrx_word' id='word_1_402' title='bbox 303 2642 492 2695; x_wconf 82' lang='lat' dir='ltr'>dacium,</span> <span class='ocrx_word' id='word_1_403' title='bbox 523 2658 575 2684; x_wconf 79' lang='lat' dir='ltr'>eoe</span> <span class='ocrx_word' id='word_1_404' title='bbox 595 2644 797 2698; x_wconf 79' lang='lat' dir='ltr'>propriis</span> <span class='ocrx_word' id='word_1_405' title='bbox 822 2642 1027 2698; x_wconf 80' lang='lat' dir='ltr'>loquitur,</span> <span class='ocrx_word' id='word_1_406' title='bbox 1058 2643 1166 2696; x_wconf 80' lang='lat' dir='ltr'>quia</span> <span class='ocrx_word' id='word_1_407' title='bbox 1185 2642 1376 2683; x_wconf 73' lang='lat' dir='ltr'>‘mendam</span> <span class='ocrx_word' id='word_1_408' title='bbox 1397 2647 1469 2694; x_wconf 82' lang='lat' dir='ltr'>est,</span> <span class='ocrx_word' id='word_1_409' title='bbox 1499 2641 1572 2693; x_wconf 91' lang='lat' dir='ltr'>ait,</span> <span class='ocrx_word' id='word_1_410' title='bbox 1602 2646 1640 2682; x_wconf 81' lang='lat' dir='ltr'>et</span> <span class='ocrx_word' id='word_1_411' title='bbox 1653 2646 1788 2696; x_wconf 78' lang='lat' dir='ltr'>pater</span> 
     </span>
     <span class='ocr_line' id='line_1_50' title="bbox 302 2696 1786 2753; baseline -0.002 -13"><span class='ocrx_word' id='word_1_412' title='bbox 302 2700 409 2751; x_wconf 77' lang='lat' dir='ltr'>eius,</span> <span class='ocrx_word' id='word_1_413' title='bbox 438 2697 484 2739; x_wconf 89' lang='lat' dir='ltr'>id</span> <span class='ocrx_word' id='word_1_414' title='bbox 513 2704 576 2740; x_wconf 88' lang='lat' dir='ltr'>est</span> <span class='ocrx_word' id='word_1_415' title='bbox 603 2699 737 2753; x_wconf 89' lang='lat' dir='ltr'>ipsius</span> <span class='ocrx_word' id='word_1_416' title='bbox 771 2697 995 2739; x_wconf 86' lang='lat' dir='ltr'>mendacii.</span> <span class='ocrx_word' id='word_1_417' title='bbox 1050 2697 1320 2739; x_wconf 89' lang='lat' dir='ltr'>Mendacium</span> <span class='ocrx_word' id='word_1_418' title='bbox 1351 2711 1475 2738; x_wconf 91' lang='lat' dir='ltr'>suum</span> <span class='ocrx_word' id='word_1_419' title='bbox 1504 2697 1596 2751; x_wconf 92' lang='lat' dir='ltr'>ipse</span> <span class='ocrx_word' id='word_1_420' title='bbox 1625 2696 1786 2752; x_wconf 89' lang='lat' dir='ltr'>genuit,</span> 
     </span>
     <span class='ocr_line' id='line_1_51' title="bbox 299 2751 1786 2808; baseline -0.001 -13"><span class='ocrx_word' id='word_1_421' title='bbox 299 2768 326 2795; x_wconf 93' lang='lat' dir='ltr'>a</span> <span class='ocrx_word' id='word_1_422' title='bbox 353 2754 521 2795; x_wconf 88' lang='lat' dir='ltr'>nemine</span> <span class='ocrx_word' id='word_1_423' title='bbox 550 2754 726 2795; x_wconf 87' lang='lat' dir='ltr'>audivit.</span> <span class='ocrx_word' id='word_1_424' title='bbox 772 2753 998 2807; x_wconf 80' lang='lat' dir='ltr'>Quomodo</span> <span class='ocrx_word' id='word_1_425' title='bbox 1022 2752 1142 2795; x_wconf 90' lang='lat' dir='ltr'>Deus</span> <span class='ocrx_word' id='word_1_426' title='bbox 1171 2752 1298 2795; x_wconf 89' lang='lat' dir='ltr'>Pater</span> <span class='ocrx_word' id='word_1_427' title='bbox 1326 2753 1474 2808; x_wconf 89' lang='lat' dir='ltr'>genuit</span> <span class='ocrx_word' id='word_1_428' title='bbox 1502 2751 1659 2794; x_wconf 88' lang='lat' dir='ltr'>Filium</span> <span class='ocrx_word' id='word_1_429' title='bbox 1678 2753 1786 2794; x_wconf 86' lang='lat' dir='ltr'>veri-</span> 
     </span>
     <span class='ocr_line' id='line_1_52' title="bbox 299 2807 1786 2866; baseline -0.001 -15"><span class='ocrx_word' id='word_1_430' title='bbox 299 2815 442 2863; x_wconf 87' lang='lat' dir='ltr'>tatem,</span> <span class='ocrx_word' id='word_1_431' title='bbox 480 2810 542 2850; x_wconf 85' lang='lat' dir='ltr'>sie</span> <span class='ocrx_word' id='word_1_432' title='bbox 582 2809 776 2851; x_wconf 85' lang='lat' dir='ltr'>diabolus</span> <span class='ocrx_word' id='word_1_433' title='bbox 813 2809 958 2866; x_wconf 87' lang='lat' dir='ltr'>lapsus</span> <span class='ocrx_word' id='word_1_434' title='bbox 996 2809 1144 2865; x_wconf 88' lang='lat' dir='ltr'>genuit</span> <span class='ocrx_word' id='word_1_435' title='bbox 1180 2809 1303 2865; x_wconf 87' lang='lat' dir='ltr'>quasi</span> <span class='ocrx_word' id='word_1_436' title='bbox 1338 2807 1473 2850; x_wconf 93' lang='lat' dir='ltr'>filium</span> <span class='ocrx_word' id='word_1_437' title='bbox 1501 2807 1786 2853; x_wconf 87' lang='lat' dir='ltr'>mendacium.</span> 
     </span>
     <span class='ocr_line' id='line_1_53' title="bbox 301 2863 1786 2920; baseline -0.001 -14"><span class='ocrx_word' id='word_1_438' title='bbox 301 2865 418 2920; x_wconf 90' lang='lat' dir='ltr'>Ergo</span> <span class='ocrx_word' id='word_1_439' title='bbox 447 2865 602 2907; x_wconf 87' lang='lat' dir='ltr'>veritas</span> <span class='ocrx_word' id='word_1_440' title='bbox 633 2871 697 2908; x_wconf 88' lang='lat' dir='ltr'>est</span> <span class='ocrx_word' id='word_1_441' title='bbox 715 2866 812 2918; x_wconf 90' lang='lat' dir='ltr'>Dei,</span> <span class='ocrx_word' id='word_1_442' title='bbox 843 2865 918 2907; x_wconf 88' lang='lat' dir='ltr'>sed</span> <span class='ocrx_word' id='word_1_443' title='bbox 938 2864 1208 2907; x_wconf 88' lang='lat' dir='ltr'>mendacium</span> <span class='ocrx_word' id='word_1_444' title='bbox 1229 2871 1292 2907; x_wconf 87' lang='lat' dir='ltr'>est</span> <span class='ocrx_word' id='word_1_445' title='bbox 1321 2863 1492 2916; x_wconf 86' lang='lat' dir='ltr'>diaboli,</span> <span class='ocrx_word' id='word_1_446' title='bbox 1523 2870 1565 2906; x_wconf 89' lang='lat' dir='ltr'>et</span> <span class='ocrx_word' id='word_1_447' title='bbox 1594 2863 1786 2920; x_wconf 87' lang='lat' dir='ltr'>quisquis</span> 
     </span>
    </p>
   </div>
   <div class='ocr_carea' id='block_1_12' title="bbox 304 2958 1786 3004">
    <p class='ocr_par' dir='ltr' id='par_1_13' title="bbox 304 2958 1786 3004">
     <span class='ocr_line' id='line_1_54' title="bbox 304 2958 1786 3004; baseline 0.001 -12"><span class='ocrx_word' id='word_1_448' title='bbox 304 2962 338 3002; x_wconf 88' lang='lat'>1)</span> <span class='ocrx_word' id='word_1_449' title='bbox 366 2961 421 2995; x_wconf 84' lang='lat' dir='ltr'>cf.</span> <span class='ocrx_word' id='word_1_450' title='bbox 448 2972 478 2994; x_wconf 91' lang='lat' dir='ltr'>c.</span> <span class='ocrx_word' id='word_1_451' title='bbox 497 2962 532 2994; x_wconf 90' lang='lat'>4.</span> <span class='ocrx_word' id='word_1_452' title='bbox 609 2960 647 3004; x_wconf 82' lang='lat'>2)</span> <span class='ocrx_word' id='word_1_453' title='bbox 675 2962 838 3004; x_wconf 86' lang='lat' dir='ltr'>Gregorii</span> <span class='ocrx_word' id='word_1_454' title='bbox 854 2961 980 2994; x_wconf 88' lang='lat' dir='ltr'>Moral.</span> <span class='ocrx_word' id='word_1_455' title='bbox 1007 2962 1139 3002; x_wconf 91' lang='lat' dir='ltr'>XXIV,</span> <span class='ocrx_word' id='word_1_456' title='bbox 1159 2961 1218 3001; x_wconf 83' lang='lat'>24,</span> <span class='ocrx_word' id='word_1_457' title='bbox 1245 2962 1335 3004; x_wconf 89' lang='lat' dir='ltr'>Opp.</span> <span class='ocrx_word' id='word_1_458' title='bbox 1365 2961 1419 2993; x_wconf 87' lang='lat' dir='ltr'>ed.</span> <span class='ocrx_word' id='word_1_459' title='bbox 1439 2960 1575 2995; x_wconf 83' lang='lat' dir='ltr'>Bened.</span> <span class='ocrx_word' id='word_1_460' title='bbox 1595 2961 1624 3002; x_wconf 90' lang='lat'>1,</span> <span class='ocrx_word' id='word_1_461' title='bbox 1650 2971 1685 3003; x_wconf 82' lang='lat' dir='ltr'>p.</span> <span class='ocrx_word' id='word_1_462' title='bbox 1705 2958 1786 2993; x_wconf 83' lang='lat'><strong>785.</strong></span> 
     </span>
    </p>
   </div>
  </div>
 </body>
</html>
