1878 3308
141 916 249 944 matth.
264 917 341 951 ‘1‚12.

146 2089 225 2116 Gen.
240 2090 285 2123 14,
299 2088 345 2116 18.

176 2428 215 2456 cf.
230 2430 256 2453 1.
268 2428 349 2454 Petr.

237 2469 263 2501 2,
276 2468 303 2494 9.

355 285 403 318 68
600 286 666 318 DE
692 285 901 318 UNITATE
929 284 1202 318 ECCLESIAE
1231 284 1600 318 CONSERVANDA.

356 398 393 439 si
433 403 581 454 postea
620 404 809 439 uteretur
845 397 897 438 iis
937 395 1100 453 absque
1137 396 1309 439 licentia
1345 397 1423 451 sui,
1467 397 1554 439 iam
1591 403 1703 440 esset
1737 397 1848 439 iusta

358 454 526 496 occasio
563 452 795 496 damnandi
831 453 992 509 pariter
1026 459 1069 496 et
1099 451 1342 509 deponendi
1371 466 1482 506 eum,
1511 452 1683 510 quando
1714 459 1847 495 trans-

355 525 529 567 gressus
564 509 714 552 fuisset
751 509 978 565 impositae
1013 508 1121 565 legis
1152 523 1255 550 suae
1285 507 1548 551 mandatum.
1605 509 1717 551 Tum
1746 523 1847 551 vero

357 565 517 609 electus
555 565 695 608 fuerat
733 572 775 607 et
812 565 1030 607 ordinatus
1070 566 1115 606 in
1151 579 1298 620 regem
1331 563 1540 607 Rudolfus
1577 565 1700 607 iuxta
1734 565 1850 630 quod

357 622 520 664 dictum
549 629 613 664 est
643 629 810 678 supra¹,
842 628 884 663 et
913 635 1011 663 cum
1042 620 1148 664 haec
1175 620 1289 663 facta
1325 621 1408 663 sint
1445 635 1501 663 ex
1536 621 1672 677 ipsius
1702 620 1849 664 H1lde-

357 678 511 721 brandi
535 679 756 731 sententia,
786 678 966 734 proinde
986 678 1078 733 regi
1099 677 1320 720 Henricho
1349 682 1425 719 aut
1443 676 1700 720 resumenda
1728 684 1850 720 erant

357 749 408 777 ea
448 748 558 791 quae
596 736 769 790 proprie
805 749 957 790 regum
995 740 1094 775 sunt
1132 733 1294 790 regalia
1323 739 1586 788 ornamenta,
1622 738 1696 775 aut
1734 741 1849 776 certe

356 790 591 833 amittenda
620 797 710 832 erat
730 790 848 845 regia
868 796 1070 846 potestas,
1133 804 1231 831 uam
1252 797 1478 846 acceperat
1507 804 1563 831 ex
1583 789 1850 833 ordinatione

357 846 515 890 divina.
576 846 718 899 ‘Quod
755 846 835 889 tibi
873 860 959 887 non
996 847 1061 889 vis
1098 804 1233 899 geria,
1272 845 1345 887 alii
1384 861 1438 888 ne
1477 843 1653 898 feceris',
1691 845 1738 887 in
1767 859 1849 903 quo

357 902 519 946 scilicet
564 902 765 944 mandato
803 902 981 944 Domini
1024 902 1183 958 pendet
1225 901 1297 944 lex
1340 901 1552 944 fraternae
1597 901 1850 944 dilectionis.

356 959 469 1001 Nam
511 957 708 1001 Gelasius
752 973 867 1014 papa
910 959 1104 1001 scribit²z
1149 968 1353 1012 Postquam,
1392 958 1605 1015 inquienS,
1642 968 1692 1002 ad
1729 979 1852 1002 verum

355 1023 497 1054 ventum
535 1024 584 1052 est
623 1019 771 1052 eundem
803 1030 918 1063 regem
951 1024 1055 1062 atque
1083 1018 1296 1062 pontificem,
1331 1018 1429 1051 ultra
1461 1017 1527 1051 sibi
1559 1029 1623 1051 nec
1659 1016 1852 1061 imperator

350 1067 528 1113 pontificis
553 1079 679 1102 nomen
704 1067 880 1111 imposuit,
905 1079 968 1102 nec
987 1068 1154 1111 pontifeoe
1178 1068 1322 1112 regulae
1346 1064 1494 1111 regiaeb
1509 1066 1704 1111 fastigiwm
1727 1064 1852 1100 vendi-

357 1124 462 1158 cavit.
527 1112 600 1155 Sic
639 1113 751 1155 enim
793 1113 943 1155 scribit
970 1112 1026 1154 ad
1055 1113 1336 1155 Anastasium
1364 1113 1667 1169 imperatorem
1697 1110 1851 1154 hereti-

357 1183 455 1210 cum
485 1175 528 1211 et
556 1168 824 1211 defensorem
854 1168 1152 1222 hereticorum,
1191 1168 1265 1234 qui
1294 1169 1374 1211 etsi
1413 1167 1508 1210 talis
1537 1167 1678 1222 fuerit,
1707 1174 1852 1210 tamen

355 1240 436 1267 nec
464 1225 556 1282 ipse
589 1225 787 1268 Gelasius
817 1239 897 1267 nec
926 1224 1110 1267 aliorum
1139 1239 1367 1281 qulsquam
1397 1231 1642 1267 sanctorum
1679 1230 1852 1280 patrum

356 1280 426 1323 vel
454 1288 622 1338 partem
651 1280 861 1337 clamydis
894 1296 995 1324 suae
1026 1280 1278 1324 abscindere
1306 1281 1608 1337 praesumpsit,
1649 1280 1852 1336 quoniam

356 1338 401 1378 in
435 1337 501 1379 his
539 1338 667 1380 etiam
704 1339 778 1394 qui
816 1337 1027 1380 eiusmodi
1057 1344 1154 1379 sunt
1191 1336 1503 1379 ordinationem
1541 1336 1626 1379 Dei
1665 1343 1708 1378 et
1734 1343 1853 1392 pote-

358 1400 510 1436 statem
541 1409 651 1450 quae
682 1409 707 1435 a
738 1394 833 1436 Deo
865 1400 928 1436 est
958 1393 1138 1450 quisque
1168 1399 1341 1435 sanctus
1371 1392 1682 1436 honorificavit.
1728 1402 1851 1443 Quan-

356 1464 430 1493 tum
455 1472 548 1502 vero,
577 1451 759 1507 inquit3,
786 1461 835 1494 ad
853 1459 1010 1494 ordinem
1023 1460 1190 1503 publicae
1202 1459 1356 1502 pertinet
1373 1458 1584 1502 disciplinae
1602 1462 1853 1503 cognoscentes,

354 1509 504 1553 gloriose
521 1510 592 1553 fili,
618 1510 804 1554 imperium
831 1510 894 1543 tibi
918 1520 1075 1552 superna
1100 1507 1328 1552 dispositione
1354 1509 1519 1542 collatum
1545 1507 1677 1551 legibus
1697 1507 1767 1540 tuis
1784 1505 1854 1549 ipsi

357 1569 493 1601 quoque
521 1565 655 1601 parent
688 1559 844 1603 religiosi
872 1558 1055 1599 antistites,
1088 1569 1131 1591 ne
1170 1558 1225 1591 vel
1255 1557 1293 1590 in
1327 1557 1431 1591 rebus
1462 1555 1656 1590 ‘mundanis
1689 1555 1854 1590 exclusae

356 1613 548 1646 videantur
579 1614 721 1648 obviare
755 1612 958 1647 sententiae.
1009 1602 1200 1643 Exclusa
1226 1608 1290 1644 est
1311 1603 1471 1658 quippe
1495 1601 1601 1643 haec
1632 1600 1853 1653 sententia,

356 1664 405 1699 ut
432 1657 587 1714 aliquis
616 1659 801 1701 militans
823 1658 917 1700 Deo
939 1657 1174 1699 saecularia
1193 1664 1392 1714 procuret
1420 1658 1606 1713 negotia.
1648 1665 1733 1700 Sic⁴
1759 1665 1853 1700 enim

358 1723 524 1756 discrevit
556 1723 714 1758 Christus
748 1724 931 1766 utriusque
955 1724 1141 1766 potestatis
1179 1724 1309 1767 officia,
1343 1728 1492 1769 regum
1529 1713 1690 1755 scilicet
1725 1719 1854 1768 atque

357 1767 620 1824 pontificum,
642 1779 811 1823 quatinus
837 1778 1008 1821 spiritalis
1036 1778 1126 1811 actio
1154 1789 1177 1811 a
1203 1779 1453 1822 temporalibus
1479 1779 1628 1812 distaret
1652 1777 1853 1812 incursibus

358 1831 390 1862 et
414 1828 490 1861 Deo
525 1827 681 1862 militans
713 1828 853 1861 minime
887 1838 924 1861 se
955 1827 1102 1870 negotiis
1127 1826 1325 1870 implicaret
1350 1827 1603 1870 saecularibus,
1631 1839 1674 1861 ac
1699 1826 1854 1861 vicissim

357 1889 428 1910 non
453 1876 511 1910 ille
536 1878 639 1911 rebus
666 1877 798 1910 divinis
826 1877 1037 1920 praesidere
1062 1876 1254 1916 videretur,
1282 1876 1344 1920 qui
1369 1881 1455 1910 esset
1479 1876 1683 1920 implicatus
1704 1875 1853 1921 negotiis

359 1932 613 1966 saecularibus.
665 1931 815 1964 Fuerint
853 1931 948 1973 haec,
982 1922 1121 1977 inquit
1133 1929 1162 1970 ⁵,
1202 1935 1283 1965 ante
1311 1932 1501 1964 adventum
1532 1931 1672 1973 Christi,
1704 1936 1744 1963 ut
1776 1930 1855 1974 qui-

359 1982 445 2014 dam
468 1981 672 2026 figuraliter
707 1981 825 2014 adhuc
858 1984 976 2013 tamen
999 1981 1039 2014 in
1066 1981 1270 2014 carnalibus
1297 1980 1493 2014 actionibus
1519 1978 1697 2014 constituti
1717 1980 1856 2024 pao-iter

360 2041 457 2074 reges
489 2030 674 2064 eaeisterent
708 2029 850 2072 pariter
883 2030 1092 2071 sacerdotes,
1133 2030 1229 2072 quod
1260 2034 1420 2063 sanctum
1454 2029 1709 2063 Melchisedech
1733 2029 1854 2072 fuisse

361 2091 468 2113 sacra
486 2080 612 2122 prodit
637 2077 806 2118 historia5
832 2079 926 2121 quod
950 2079 990 2111 in
1015 2079 1090 2111 suis
1107 2090 1243 2121 quoque
1270 2078 1433 2111 diabolus
1458 2078 1628 2120 imitatus,
1655 2083 1772 2120 utpote
1792 2076 1856 2120 qui

360 2140 495 2171 semper
519 2140 610 2171 quae
637 2127 759 2161 divino
786 2126 897 2160 cultui
917 2128 1142 2161 convenirent
1158 2128 1294 2161 sibimet
1311 2127 1496 2170 tyrannico
1518 2127 1648 2170 spiritu
1663 2126 1854 2161 vendicare

361 2178 547 2219 contendit,
583 2181 621 2210 ut
649 2176 790 2220 pagani
820 2175 1048 2219 imperatores
1084 2177 1175 2209 idem
1202 2182 1234 2210 et
1258 2176 1406 2209 maximi
1425 2176 1608 2220 pontifices
1633 2175 1856 2216 dicerentur3

362 2227 423 2259 sed
449 2238 527 2259 cum
553 2226 601 2259 ad
627 2237 750 2259 verum
773 2230 916 2259 ventum
937 2230 986 2258 est
1013 2226 1162 2259 eundem
1178 2236 1293 2269 regem
1311 2230 1416 2268 atque
1433 2225 1645 2269 pontificem,
1672 2224 1770 2257 ult-ra
1786 2223 1856 2257 sibi

361 2287 424 2308 nec
449 2275 640 2318 imperator
671 2273 849 2317 pontificis
883 2285 1009 2307 nomen
1041 2274 1226 2317 imposuit,
1260 2285 1322 2307 nec
1343 2274 1510 2317 pontifex
1534 2273 1679 2317 regulae
1704 2268 1850 2316 regiaeb

353 2323 546 2368 fastigium
575 2322 786 2362 vendicavit,
823 2322 983 2365 quamvis
1012 2323 1167 2356 membra
1200 2322 1327 2365 ipsius,
1361 2322 1402 2355 id
1431 2327 1481 2355 est
1506 2322 1582 2355 veri
1605 2321 1724 2365 regisc
1750 2326 1855 2363 atque

358 2372 546 2416 pontificis,
582 2372 775 2406 secundum
802 2371 1114 2414 participationem
1147 2377 1301 2403 naturae
1335 2367 1574 2414 magnificaed
1605 2375 1791 2412 utrumque
1815 2369 1856 2403 in

364 2433 470 2454 sacra
493 2422 724 2466 generositate
750 2420 965 2463 sumpsissee
998 2418 1176 2460 dicantur,
1208 2425 1247 2452 ut
1272 2419 1381 2452 simul
1404 2420 1524 2463 regale
1548 2430 1659 2463 genus
1684 2422 1716 2452 et
1741 2429 1855 2452 sacer·

364 2477 480 2509 dotale
505 2476 706 2509 subsistant.
757 2465 878 2506 Haec
898 2464 1071 2520 quidem
1092 2463 1242 2506 scribit
1263 2462 1474 2517 Gelasius,
1504 2463 1579 2506 sed
1602 2463 1856 2505 Hildebrant

362 2527 405 2563 et
441 2521 633 2576 episcopi
671 2522 762 2562 eius
792 2520 1127 2562 vendicaverunt
1162 2519 1245 2561 sibi
1282 2520 1444 2576 absque
1474 2519 1605 2561 dubio
1635 2518 1878 2575 fastigium=

363 2647 394 2682 a)
416 2648 483 2673 fieri
503 2648 578 2673 deest
601 2648 637 2678 1,·
666 2647 714 2672 sed
740 2648 799 2672 iam
819 2647 965 2673 Freherus
992 2647 1115 2673 addidit.
1197 2645 1228 2680 b)
1260 2647 1338 2672 Thiel
1357 2647 1511 2672 secundum
1532 2647 1654 2679 optimos
1673 2647 1780 2672 codices
1796 2653 1854 2679 pro
1874 2663 1878 2667 »

363 2688 489 2719 regulae
517 2687 622 2718 regiae
651 2694 742 2712 vocem
773 2687 880 2718 regale
904 2687 1017 2718 recepit.
1120 2686 1147 2720 c)
1179 2687 1262 2717 regis
1284 2689 1329 2712 est
1351 2690 1441 2718 atque
1462 2686 1615 2719 pontificis
1638 2687 1670 2719 13
1699 2686 1870 2712 emendavit*

362 2727 479 2754 Freher.
559 2726 590 2759 d)
614 2726 776 2758 magnifice
800 2727 827 2753 1.
907 2725 936 2758 e)
960 2726 1120 2751 summisse
1145 2727 1170 2751 1.

369 2834 402 2876 1)
439 2833 492 2866 Of.
527 2833 589 2867 lib.
617 2834 645 2874 Ι,
682 2844 712 2866 c.
736 2825 774 2875 ῥ6,
809 2833 871 2865 ubi
905 2833 973 2866 hae
1006 2843 1127 2866 omnes
1161 2843 1218 2865 res
1251 2832 1379 2866 iisdem
1413 2833 1488 2865 fere
1513 2832 1632 2866 verbis
1657 2831 1878 2880 tradunturu‘

367 2883 402 2924 2)
436 2882 540 2925 Thiel
566 2882 589 2915 1.
617 2893 649 2914 c.
677 2883 707 2920 Ι,
739 2894 773 2925 p.
802 2882 885 2915 567.
1015 2880 1054 2925 3)
1089 2881 1230 2914 Ibidem
1256 2882 1286 2921 Ι,
1313 2894 1347 2925 p.
1375 2882 1459 2915 351.
1582 2882 1620 2923 4)
1654 2880 1795 2914 Ibidem
1820 2878 1878 2920 13¹·

365 2943 399 2975 p.
428 2930 511 2964 568.
612 2929 649 2974 5)
676 2932 816 2964 Ibidem
843 2931 873 2973 1,
900 2942 933 2974 p.
961 2930 1042 2963 567.
1071 2930 1153 2965 568.
