1878 3308
0 371 10 503 vv-ffi-v-r·-·
0 328 7 356 v..

324 270 393 306 DE
418 270 630 305 UNITATE
657 271 930 306 ECCLESIAE
959 273 1326 308 CONSERVANDA.
1534 277 1579 310 59

82 383 175 429 saei
192 383 355 449 quippe
375 383 710 439 interpretantur
729 384 870 439 divisi,
890 383 1037 441 quales
1057 385 1162 427 dicit
1180 385 1399 442 apostolus
1420 386 1578 430 habere

82 437 223 483 zelum
232 439 332 494 Det,
347 438 424 483 sed
437 453 522 481 non
539 439 776 483 secundum
792 441 1035 495 scientiam,
1056 441 1278 497 quoniam:
1302 443 1577 499 lquorantes,
1592 457 1793 491 Rom.1o,2.s.

81 495 236 554 inquit,
264 495 353 538 Dei
386 496 606 539 iustitiam
644 503 683 539 et
712 512 838 540 suam
869 503 1122 563 quaerentes
1151 504 1351 552 statuere,
1380 501 1578 543 iustitiae

0 550 6 586 ἓ
82 551 174 596 Dei
207 567 299 595 non
336 558 440 594 sunt
468 552 662 595 subiecti.
721 552 850 606 Quod
879 567 916 595 si
944 552 1085 596 zelum
1115 568 1309 597 amarum
1339 554 1506 598 habetis
1537 563 1579 598 et

82 607 378 652 contentiones
408 609 454 649 in
484 607 687 651 cordibus
715 610 882 663 vestris,
911 608 1042 652 nolite
1071 608 1245 666 gloriari
1277 617 1320 653 et
1349 611 1578 654 mendaces

83 678 179 708 esse
207 662 415 706 adversus
444 665 683 707 veritatem.
732 665 849 708 Ecce
878 665 993 707 enim
1022 665 1258 709 adversarii
1277 666 1579 724 Redemptoris

81 720 218 764 nostri
257 719 641 775 calumniabantur,
677 735 776 763 eum
807 735 899 764 esse
929 721 1210 778 seductorem,
1239 723 1362 766 iuxta
1392 724 1508 781 quod
1537 731 1580 767 et

80 777 218 820 nostri
252 777 461 834 temporis
497 775 663 820 scribae
707 785 751 820 et
786 777 1008 820 Pharisaei
1050 778 1270 835 appellant
1315 779 1578 822 Clementem

138 846 241 890 pam
261 831 624 887 calumniatorem,
654 833 757 890 quia
776 835 944 891 quaerit
973 833 1153 877 salutem
1182 836 1385 890 omnium,
1416 836 1578 891 dolens,

111 889 176 932 eri
202 889 248 932 in
276 888 426 932 Italico
454 889 616 946 pariter
645 896 689 932 et
707 889 976 933 Theutonico
1006 905 1141 947 regno
1171 906 1228 934 ex
1256 892 1578 948 praedicatione

80 944 406 988 adversantium
445 945 747 1012 episcoporum
790 947 964 1003 rapinas
1009 954 1053 990 et
1089 947 1290 990 incendia
1331 954 1462 1005 atque
1507 949 1577 992 de-

0 1013 5 1030 ²
79 1001 336 1044 structiones
372 1000 665 1055 eccleslarum,
705 1003 891 1058 gemitus
928 1010 972 1046 et
999 1004 1187 1060 suspiria
1216 1003 1505 1060 orphanorum
1535 1012 1577 1048 et

0 1096 2 1107 ἦ
79 1056 322 1101 viduarum.
364 1058 439 1100 Eae
457 1058 536 1100 hoc
556 1060 684 1112 enim,
705 1059 843 1116 inquit
862 1058 1084 1116 apostolus
1105 1060 1332 1115 Iohannes,
1354 1064 1573 1118 coquo-sci·
1590 1079 1777 1113 1.1011.4,⁶.

79 1128 179 1157 mus
205 1115 413 1171 spiritum
453 1115 650 1157 veritatis
679 1121 718 1157 et
746 1117 952 1171 spiritum
982 1118 1162 1170 erroris,
1193 1118 1314 1174 quia,
1346 1119 1423 1174 qui
1451 1118 1576 1160 audit

80 1184 174 1224 noa,
203 1171 411 1227 spiritum
442 1170 563 1213 habet
591 1172 801 1225 veritatis,
832 1178 870 1214 et
889 1173 1066 1228 quinos
1087 1188 1175 1215 non
1198 1173 1340 1227 audit,
1369 1175 1576 1230 spiritum

81 1226 207 1270 habet
233 1227 412 1269 erroris.
457 1226 705 1281 Videamus,
735 1227 840 1284 quid
860 1229 1099 1270 moniturus
1129 1235 1205 1282 est,
1237 1230 1280 1271 in
1313 1244 1398 1286 quo
1428 1230 1576 1272 audire

78 1281 199 1325 illum
242 1281 500 1326 debeamus:
549 1283 847 1336 Dilectissimi,
896 1285 1050 1341 inquit,
1094 1285 1336 1342 diliyamus
1379 1287 1575 1329 invicem.
1590 1306 1776 1341 1,101,‚4‚-1,

81 1337 180 1381 Hoc
226 1338 354 1382 docet
394 1339 627 1396 praecipue
671 1345 714 1382 et
756 1339 837 1382 hoc
881 1341 1023 1397 ipsum
1062 1348 1208 1383 monet
1245 1341 1432 1395 assidue,
1474 1342 1577 1399 quia

81 1393 255 1438 dilectio
285 1409 342 1438 ex
360 1394 457 1437 Deo
487 1401 566 1438 est.
609 1396 667 1437 Et
695 1396 793 1438 ideo
823 1398 902 1451 qui
930 1399 1052 1439 novit
1081 1397 1234 1450 Dewm,
1265 1398 1416 1454 inquit,
1450 1399 1781 1446 audit1.10h.4,o.

82 1465 179 1505 nos,
209 1452 288 1508 qui
315 1457 458 1494 autem
487 1467 577 1493 non
607 1460 669 1494 est
699 1467 751 1494 ecc
781 1453 888 1505 Deo,
928 1468 1018 1495 non
1050 1454 1176 1495 audit
1204 1469 1296 1495 nos.
1357 1453 1444 1496 Sed
1474 1469 1577 1497 vere

82 1514 406 1550 commoverunt
424 1506 648 1564 populum,
678 1508 752 1565 qui
772 1508 1021 1550 recedentes
1051 1509 1106 1552 ab
1132 1509 1294 1552 unitate
1324 1509 1578 1564 dilectionis,

82 1577 168 1620 qua
203 1562 407 1606 iubemur
443 1577 522 1606 nos
562 1563 746 1606 invicem
776 1563 967 1620 diligere,
1006 1564 1243 1607 diviserunt
1271 1565 1340 1608 vel
1370 1565 1577 1609 ecclesiae

81 1617 151 1662 vel
187 1620 251 1662 rei
277 1618 478 1676 publicae
516 1619 738 1676 populum,
776 1627 824 1663 ut
863 1622 919 1663 sit
954 1620 1139 1677 populus
1176 1628 1324 1664 contra
1353 1621 1576 1678 populum.

80 1673 194 1718 Nam
212 1675 284 1718 isti
303 1677 426 1718 iuxta
446 1676 709 1718 dominicum
732 1677 891 1732 pariter
920 1685 963 1719 et
984 1676 1266 1733 apostolicum
1298 1686 1575 1734 praeceptum

0 1755 6 1771 ς
81 1731 263 1775 subiecti
301 1739 403 1775 sunt
438 1731 628 1788 legitimo
666 1733 1019 1798 regiUHenricho,
1059 1740 1207 1789 utpote
1244 1734 1328 1776 Dei
1367 1735 1576 1789 ministro,

82 1802 212 1845 quem
241 1787 348 1831 dicit
374 1788 594 1845 apostolus
623 1802 709 1830 non
740 1803 831 1832 sme
862 1804 992 1831 causa
1021 1797 1192 1846 portare
1221 1789 1428 1846 gladium,
1466 1790 1770 1838 scili-Rom.1³,4.

4 1847 6 1851 “
82 1850 152 1887 cet
178 1843 235 1887 ad
261 1843 498 1887 vindictam
528 1844 773 1901 impiorum.
831 1844 900 1887 Illi
938 1852 1079 1888 autem
1116 1853 1264 1888 contra
1292 1846 1376 1888 Dei
1409 1848 1575 1889 ordina-

14 1947 18 1950 ,
80 1900 242 1944 tionem
281 1901 592 1944 constituerunt
630 1915 761 1958 super
803 1916 848 1943 se
884 1903 927 1943 in
967 1916 1114 1957 regem
1151 1902 1461 1955 adversarium,
1502 1905 1577 1959 qui

82 1957 164 2000 sub
198 1971 221 1999 r
330 1956 549 1999 Henricho
589 1963 680 1999 erat
709 1957 801 1999 dux
833 1956 1092 2010 Suevorum3
1124 1958 1238 2013 quod
1270 1965 1385 2000 certe
1414 1958 1576 2000 factum

81 2018 147 2056 est
173 1971 531 2055 ineffgfensionem
552 2011 889 2066 malefactorum,
920 2013 1122 2069 quoniam
1148 2014 1187 2056 le
1220 2028 1264 2055 es
1285 2013 1410 2056 silere
1441 2013 1578 2056 solent

83 2083 163 2126 per
209 2074 382 2125 tempus
424 2066 674 2111 bellorum1.
747 2068 865 2124 Ergo
905 2069 1058 2111 Petrus
1102 2083 1186 2111 non
1220 2084 1292 2111 um
1332 2069 1575 2127 intelligens

6 2125 11 2161 Ῐ
83 2138 195 2182 quae
237 2124 323 2167 Dei
366 2131 479 2177 sunt,
518 2129 660 2180 portat
698 2122 902 2180 gladium,
941 2125 1014 2180 qui
1055 2123 1167 2167 ultor
1206 2125 1446 2168 dominicae
1486 2126 1575 2168 irae

4 2182 11 2231 ’ξ
81 2181 248 2248 positus
277 2187 343 2223 est
370 2181 415 2223 in
445 2195 543 2223 eum
574 2180 649 2237 qui
678 2178 803 2247 male·
818 2187 1033 2237 operatur.
1092 2180 1201 2223 Sed:
1233 2181 1437 2225 Converte
1466 2198 1574 2236 eum,

81 2251 127 2279 ιιι
160 2236 236 2290 uit,
264 2235 475 2280 inlocum
496 2251 636 2290 suum,
667 2251 888 2292 quomam,
920 2238 960 2279 si
988 2251 1201 2292 royavero
1221 2237 1394 2280 Patrem
1422 2253 1573 2292 meum,
1588 2237 1694 2304 {¹⁸¹3}-

82 2252 296 2336 aizihebit
323 2293 434 2335 mihi
452 2292 576 2335 modo
606 2293 655 2334 in
678 2291 897 2335 auxilium
959 2292 1029 2335 lus
1060 2308 1187 2348 quam
1221 2293 1272 2334 12
1295 2294 1420 2337 milia
1441 2309 1500 2336 an
1535 2310 1573 2336 e·
1608 2278 1636 2310 θ’
1690 2297 1696 2303 '

83 2349 238 2393 lorum.
303 2349 456 2391 Omnis
497 2351 624 2401 enim,
669 2348 742 2402 ait,
786 2351 864 2405 qui
902 2349 1102 2406 gadium
1148 2351 1374 2405 acceperit,
1418 2310 1571 2407 qlagio
1587 2353 1751 2386 “mh-²⁸2

81 2406 256 2461 peribit,
294 2404 364 2448 vel
399 2403 500 2447 illo·
536 2403 694 2460 gladio,
739 2418 867 2461 quem
912 2404 1016 2447 dicit
1062 2404 1274 2447 Dominus
1318 2406 1573 2449 inebriatum
1589 2392 1740 2464 323‘3233·

81 2475 177 2504 esse
205 2461 251 2503 in
270 2460 404 2515 caelo,
434 2467 593 2518 quanto
622 2460 761 2517 magis
791 2461 835 2503 in
865 2468 989 2513 terra,
1019 2459 1089 2502 vel
1109 2460 1253 2559 filadio
1283 2462 1470 2518 spiritus,
1501 2463 1576 2519 qui

81 2517 128 2560 in
155 2516 241 2561 Dei
275 2516 480 2560 scribitur
518 2524 747 2571 armatura,
786 2531 912 2574 quem
952 2518 1080 2560 etiam
1141 2516 1240 2560 abet
1269 2517 1449 2560 ecclesia
1479 2517 1577 2572 Dei,

83 2572 197 2616 unde
235 2580 278 2616 et
311 2572 580 2616 debellantur
619 2573 711 2616 eius
748 2573 926 2626 inimici,
958 2572 1194 2638 eodemque
1224 2573 1367 2630 gladio
1398 2589 1418 2616 s
1452 2574 1575 2617 iritus

83 2629 405 2687 praecipiuntur
434 2629 510 2671 filii
540 2628 744 2672 ecclesiae
774 2644 851 2686 per
879 2638 1195 2687 suprascriptos
1227 2637 1384 2687 patres,
1462 2644 1577 2672 ama-

85 2698 181 2728 snm
209 2684 374 2729 scilicet
401 2692 531 2743 atque
554 2685 739 2728 Leonem
771 2692 812 2728 et
834 2685 1105 2742 Gregorium,
1137 2686 1266 2728 totius
1288 2687 1442 2729 erroris
1463 2685 1577 2729 falsi-

85 2811 117 2845 ι)
138 2811 209 2840 idco
235 2815 260 2846 1,
281 2814 386 2841 emend.
409 2813 526 2840 Fraeher.

89 2918 123 2959 1)
152 2918 279 2953 Cicero
307 2930 369 2964 pro
396 2919 530 2953 Milone
558 2920 593 2961 4,
625 2921 680 2953 10.
