1878 3308
325 290 393 325 DE
419 290 631 324 UNITATE
657 290 936 325 ECCLESIAE
963 289 1334 325 CONSERVANDA.
1537 293 1581 324 41

81 405 255 448 mium,
289 417 368 441 eum
403 405 548 440 diversa
582 410 686 450 acque
720 406 811 440 inter
842 417 878 440 se
911 406 1065 440 adversa
1098 405 1265 448 sentiant,
1291 418 1369 439 cum
1396 418 1519 441 verum
1544 408 1583 442 id

81 455 200 500 ipsum
222 454 345 490 dieunt
369 466 486 490 omnes
512 459 544 489 et
570 467 692 489 verum
716 455 851 498 dicunt,
878 455 922 489 ab
950 454 1058 488 unius
1092 454 1169 489 veri
1194 455 1355 500 magistri
1379 456 1581 500 mayisterio

81 521 155 548 non
177 510 356 544 madunt.
401 499 491 549 Qui
509 502 637 554 enim,
658 500 795 557 inquit
815 499 1024 554 Christus,
1040 500 1184 542 maior
1204 507 1263 542 est
1277 507 1478 554 vestrum,
1500 503 1582 543 erit
1595 505 1802 537 Mam-²³³¹·

82 555 282 598 minister
302 562 450 599 vester.
475 555 562 606 Qui
576 558 690 599 enim
706 571 749 599 se
764 555 1034 608 eaealtaverit,
1052 555 1374 610 humiliabitur,
1391 558 1523 613 etqui
1536 573 1580 600 se
1675 546 1721 571 ¹2'

83 609 300 664 humiliat,
331 612 612 655 exaltabitur.
661 611 747 655 Sed
775 626 874 654 cum
900 612 995 668 ipse
1026 626 1135 653 unus
1161 613 1368 669 magister
1389 611 1584 656 Christus

85 681 170 727 que
196 665 320 710 Deus
356 675 495 711 mutet
530 674 614 711 tem
650 682 724 711 ora
759 675 802 711 et
836 668 1064 711 transferat
1099 682 1245 724 regna,
1276 675 1425 712 tenens
1455 669 1585 711 corda
1598 657 1682 730 Ἓξ
1685 663 1749 724 ‘fv

83 737 236 780 regum
254 723 300 766 in
315 722 493 768 dextera
514 739 604 778 sua,
641 725 819 781 egimus,
835 723 1034 767 docuisse
1049 723 1395 768 Hildebrandum
1410 739 1584 782 papam,

85 778 203 837 quod
241 786 496 836 potestatem
533 781 627 838 ipse
662 779 861 823 habuerit
894 794 1025 837 super
1052 794 1177 837 reges
1209 787 1252 824 et
1280 796 1409 838 super
1438 796 1585 838 regna,

85 841 129 878 et
156 849 285 892 posse
313 835 359 878 id
387 836 541 890 facere,
571 836 686 893 quod
715 851 793 893 per
821 835 964 879 Deum
1000 836 1093 879 fieri
1134 842 1299 879 tantum
1338 837 1443 880 dicit
1472 837 1584 894 psal·

85 891 235 934 mista:
266 891 398 936 Hunc
425 892 627 936 humiliat
655 900 694 935 et
719 894 835 935 hunc
856 893 1032 935 excultat.
1077 893 1197 936 Nam
1217 894 1398 947 reddite,
1429 894 1583 950 inquit,
1597 908 1646 934 Ps.
1660 908 1707 941 ⁹14,
1717 907 1743 934 s.

86 962 199 1004 quae
235 954 338 992 sunt
376 951 572 992 caesaris
611 950 797 1002 caesari,
835 955 873 990 et
913 964 1023 1005 quae
1059 955 1162 991 sunt
1190 949 1277 991 Dei
1307 950 1398 992 Deo
1409 965 1423 1002 ,·
1456 965 1584 1006 quam
1599 966 1802 1001 mauman.

85 1009 200 1047 certe
222 1003 414 1103 tgulam
434 1004 608 1062 proprio
630 1004 903 1048 confirmavit
922 1003 1136 1062 exemplo,
1167 1005 1314 1048 dicens
1335 1005 1461 1049 Petro
1484 1020 1585 1062 apo-

86 1058 215 1103 stolo:
291 1065 307 1102 t
335 1076 422 1104 non
450 1061 798 1104 scandalizemus
826 1076 910 1115 eos,
941 1060 986 1103 id
1016 1067 1080 1103 est
1108 1076 1162 1103 ne
1191 1076 1269 1104 nos
1301 1063 1464 1104 caesari
1485 1072 1801 1107 con-Matth·1⁷‚²⁷·

83 1114 342 1160 tradicentes
370 1116 659 1160 tumultuandi
687 1117 741 1160 iis
762 1118 1030 1160 occasionem
1061 1117 1361 1174 praebeamus,
1393 1119 1503 1161 vade
1526 1120 1585 1161 ad

86 1186 210 1215 mare
237 1178 276 1216 et
294 1174 408 1216 mitte
430 1174 619 1227 hamum,
649 1180 687 1216 et
706 1190 800 1216 eum
815 1175 998 1230 piscem,
1029 1175 1106 1230 qui
1122 1176 1297 1230 primus
1324 1175 1584 1228 ascenderit,

86 1227 199 1282 tolle,
228 1234 267 1270 et
295 1236 446 1287 aperto
472 1245 543 1273 ore
573 1231 669 1273 eius
694 1232 889 1273 invenies
909 1236 1133 1284 staterem5
1163 1229 1287 1273 illum
1307 1245 1494 1283 sumen-<5
1524 1231 1584 1273 da

86 1283 147 1328 iis
207 1299 258 1328 ro
277 1301 343 1328 me
371 1292 411 1329 et
438 1292 488 1339 te,
518 1292 557 1328 et
586 1287 734 1329 discite
765 1303 793 1329 α
823 1302 899 1340 me,
931 1287 1038 1342 quia
1068 1287 1185 1328 mitis
1215 1302 1310 1329 sum
1340 1294 1378 1329 et
1409 1287 1587 1329 humilis

85 1355 163 1384 cor
193 1356 228 1384 e.
287 1340 374 1395 Qui
412 1343 541 1386 etiam
576 1341 722 1385 docuit
757 1341 991 1398 apostolos,
1021 1341 1259 1396 ecclesiam,
1290 1357 1375 1385 non
1404 1352 1803 1398 regnumMatth-11229·

87 1394 315 1462 disponere
343 1396 413 1441 vel
442 1398 662 1453 ordinare3
694 1398 811 1456 quod
830 1413 909 1441 nec
939 1398 1033 1454 ipse
1062 1397 1218 1454 legitur
1242 1398 1479 1452 affectasse,
1512 1399 1587 1456 qui

87 1451 200 1509 fuglt
235 1452 281 1495 in
320 1460 508 1497 montem
547 1454 661 1497 solus
703 1469 838 1507 orare,
879 1468 975 1496 cum
1005 1454 1157 1497 turbae
1187 1455 1405 1497 venissent
1434 1469 1586 1512 rapere

90 1522 190 1551 eum
218 1516 262 1552 et
290 1524 436 1567 regem
458 1511 730 1563 constituere,
762 1511 962 1568 quoniam
994 1515 1104 1552 ‘cum
1129 1511 1172 1552 in
1194 1510 1330 1553 forma
1353 1511 1436 1553 Dei
1459 1517 1585 1564 esset,
1600 1527 1682 1554 Phil.
1695 1527 1721 1560 2,
1736 1527 1764 1554 6.
1775 1527 1802 1553 ⁷.

87 1564 270 1607 formam
291 1566 406 1609 servi
427 1567 668 1624 accipiens’,
690 1567 821 1610 ‘venit
840 1581 926 1608 non
947 1567 1193 1620 ministrari,
1223 1568 1298 1610 sed
1319 1567 1584 1610 ministraret
1602 1584 1804 1618 Manusosss.

86 1619 218 1664 quta
259 1621 377 1679 quod
420 1623 550 1666 etiam
594 1621 752 1665 Paulus
796 1622 1039 1679 apostolus,
1085 1637 1182 1665 cum
1227 1622 1335 1666 liber
1375 1631 1490 1666 esset
1533 1639 1587 1666 ex

87 1677 300 1733 omnibus,
346 1678 536 1721 omnium
580 1694 626 1721 se
670 1693 843 1721 servum
884 1678 996 1732 fecit,
1039 1686 1087 1721 ut
1130 1678 1274 1735 plures
1305 1679 1586 1722 lucrifaceret.
1604 1690 1804 1725 1.cor.⁹‚¹9·

86 1731 215 1776 Unde
244 1739 288 1777 et
307 1733 543 1792 Gregorius
573 1749 700 1792 papa,
731 1750 828 1777 cum
854 1741 966 1778 esset
995 1750 1187 1777 summus
1217 1735 1413 1792 pontifex
1441 1742 1484 1779 et
1503 1737 1587 1778 vir-

88 1794 229 1833 tutum
265 1790 435 1845 artifex,
471 1791 515 1833 in
554 1797 720 1834 tantum
751 1806 796 1834 se
826 1791 936 1833 infra
966 1806 1115 1833 omnes
1146 1791 1397 1847 humiliavit,
1427 1798 1475 1835 ut
1535 1793 1587 1834 ri-

89 1859 185 1889 mus
213 1845 306 1904 ipse
336 1847 381 1889 in
407 1862 430 1890 e
465 1845 599 1890 istolis
630 1848 720 1889 suis
750 1862 919 1890 servum
951 1861 1173 1890 servorum
1200 1847 1284 1890 Dei
1324 1863 1369 1890 sc
1399 1863 1511 1904 appe
1531 1847 1586 1889 la-

90 1901 200 1946 verit
234 1909 278 1945 et
311 1902 394 1946 hoc
462 1903 683 1946 umilitatis
723 1918 879 1946 nomen
918 1903 975 1946 ad
1012 1909 1208 1959 posteros
1244 1918 1414 1961 quoque
1452 1910 1586 1946 trans-

87 1957 264 2001 miserit.
323 1958 411 2013 Qui
449 1960 492 2001 in
530 1958 639 2002 libro
671 1958 903 2001 Pastoralis
935 1959 1075 2002 Curae
1106 1960 1332 2023 proposuit
1371 1959 1423 2002 de
1464 1959 1585 2002 bonis

87 2011 268 2058 subditis
306 2022 348 2057 et
383 2014 507 2058 malis
536 2014 774 2058 rectoribus
804 2013 1050 2071 exemplum
1081 2014 1222 2057 Sauhs
1252 2022 1294 2056 et
1323 2014 1481 2068 David,
1512 2017 1586 2072 qui

89 2075 218 2124 certe,
251 2069 354 2112 dum
383 2085 483 2113 eum
504 2078 649 2127 posset
668 2070 967 2127 eundemque¹³¹
988 2077 1306 2126 persecutorem
1327 2085 1452 2112 suum
1474 2072 1584 2113 occi-

87 2123 203 2180 dere,
219 2124 355 2168 noluit
370 2126 577 2180 occidere,
599 2140 649 2168 eo
671 2125 787 2183 quod
807 2133 919 2168 esset
938 2126 1121 2168 christus
1136 2125 1327 2179 Domini,
1349 2126 1526 2183 insuper
1544 2135 1586 2170 et

88 2181 203 2224 viros
231 2195 346 2235 suos,
377 2197 430 2225 ne
451 2188 758 2238 consurgerent
787 2181 830 2223 in
861 2196 972 2233 eum,
1002 2181 1159 2238 legitur
1187 2181 1456 2225 sermonibus
1487 2196 1584 2224 con-

85 2235 267 2294 fregisse
295 2245 350 2292 et,
381 2239 482 2296 quia
510 2236 576 2280 vel
606 2253 725 2280 oram
755 2237 993 2294 chlamydis
1034 2252 1135 2279 suae
1170 2237 1262 2294 ipse
1292 2237 1584 2295 praecidisset,

86 2293 363 2350 poenituisse.
401 2304 444 2339 Si
463 2304 619 2348 quando,
647 2294 825 2350 inquiv,
853 2308 975 2338 contra
992 2308 1139 2337 rectores
1166 2305 1219 2337 vel
1236 2304 1273 2337 in
1292 2304 1444 2337 minimis
1462 2304 1585 2349 linqua

88 2353 242 2396 labatur,
270 2364 340 2398 per
374 2353 599 2399 afflictionem
624 2353 862 2398 poenitentiae
888 2364 947 2385 cor
970 2356 1164 2395 prematur,
1201 2357 1231 2386 et
1257 2364 1336 2386 cum
1359 2353 1584 2396 praepositae

81 2402 251 2446 pomtati
275 2402 404 2447 aliquis
429 2402 635 2445 detraxerit,
669 2403 744 2437 eius
777 2401 959 2442 iudicium,
987 2413 1009 2433 a
1034 2413 1102 2443 quo
1130 2400 1198 2435 sibi
1217 2401 1385 2444 praelata
1410 2406 1470 2444 eat,
1499 2413 1582 2445 per-

87 2455 287 2497 horrescam
312 2456 410 2501 quia,
443 2468 520 2490 cum
546 2457 583 2490 in
604 2457 840 2501 praeposita,
869 2446 941 2499 ait,
972 2455 1221 2499 delinquimus,
1248 2455 1323 2490 eius
1351 2455 1581 2499 ordinationi,

88 2510 151 2556 qm·
185 2522 241 2546 eon
273 2512 372 2546 nobis
392 2511 576 2556 praetulit,
603 2511 796 2547 obviamus.
861 2501 916 2544 Et
952 2508 999 2543 ut
1038 2500 1118 2542 hoc
1153 2499 1352 2557 exemplo
1382 2501 1585 2557 probaret

87 2555 205 2654 3uod
243 2557 403 2614 scripto
443 2556 589 2608 edidit,
630 2571 683 2600 ne
723 2558 766 2599 in
804 2557 1069 2600 ethnicorum
1112 2556 1283 2613 quidem
1323 2563 1459 2599 morte
1489 2557 1582 2614 ipse

118 2609 269 2655 ilectus
288 2612 384 2655 Deo
405 2611 645 2669 Gregorius
675 2627 768 2656 sese
798 2615 978 2656 miscere
1001 2612 1146 2666 voluit,
1177 2611 1251 2655 sed
1283 2626 1380 2655 cum
1411 2612 1582 2656 efficere

86 2668 286 2724 potuerit,
316 2668 427 2712 sicut
453 2669 546 2725 ipse
577 2669 767 2721 scribit²,
804 2669 918 2727 quod
949 2683 1055 2725 gens
1088 2668 1471 2734 Longobardorum
1501 2684 1581 2712 nec

86 2736 133 2765 re
165 2737 233 2765 em
268 2737 348 2766 nec
384 2723 515 2767 duces
553 2739 633 2767 nec
672 2726 850 2769 comites
888 2725 1076 2778 haberet,
1115 2723 1219 2766 nih1l
1257 2723 1408 2767 horum
1440 2724 1581 2768 facere

86 2792 140 2821 vo
159 2779 234 2832 uit,
265 2780 366 2836 quia
394 2779 540 2822 Deum
569 2782 719 2824 timere
750 2796 795 2825 se
825 2781 942 2824 dicit.

86 2873 118 2909 ι)
140 2875 271 2902 eundem
296 2877 320 2903 1.

88 2937 126 2983 1)
154 2939 318 2983 Gregorii
344 2940 374 2973 1.
404 2940 523 2985 Opera
541 2940 591 2980 11,
618 2952 652 2985 p.
671 2941 730 2975 89.
830 2941 870 2984 2)
889 2942 1053 2984 Gregorii
1073 2941 1192 2985 Opera
1211 2940 1273 2981 lv,
1305 2941 1336 2979 1,
1363 2952 1398 2985 p.
1421 2940 1499 2974 162.
