<?xml version="1.0" encoding="UTF-8"?>
<!DOCTYPE html PUBLIC "-//W3C//DTD XHTML 1.0 Transitional//EN"
    "http://www.w3.org/TR/xhtml1/DTD/xhtml1-transitional.dtd">
<html xmlns="http://www.w3.org/1999/xhtml" xml:lang="en" lang="en">
 <head>
  <title>
</title>
<meta http-equiv="Content-Type" content="text/html;charset=utf-8" />
  <meta name='ocr-system' content='tesseract 3.04.00' />
  <meta name='ocr-capabilities' content='ocr_page ocr_carea ocr_par ocr_line ocrx_word'/>
</head>
<body>
  <div class='ocr_page' id='page_1' title='image "./waltramiutvidetu00walruoft_0021.png"; bbox 0 0 1878 3308; ppageno 0'>
   <div class='ocr_carea' id='block_1_1' title="bbox 0 2279 5 2409">
    <p class='ocr_par' dir='ltr' id='par_1_1' title="bbox 0 2185 5 2486">
     <span class='ocr_line' id='line_1_1' title="bbox 0 2279 5 2409; baseline 0 56"><span class='ocrx_word' id='word_1_1' title='bbox 0 2279 5 2409; x_wconf 52' lang='grc' dir='ltr'>ι</span> 
     </span>
    </p>
   </div>
   <div class='ocr_carea' id='block_1_2' title="bbox 739 313 1639 349">
    <p class='ocr_par' dir='ltr' id='par_1_2' title="bbox 739 313 1639 349">
     <span class='ocr_line' id='line_1_2' title="bbox 739 313 1639 349; baseline 0.002 -2"><span class='ocrx_word' id='word_1_2' title='bbox 739 313 1027 349; x_wconf 75' lang='lat' dir='ltr'><strong>PRAEFATIO.</strong></span> <span class='ocrx_word' id='word_1_3' title='bbox 1530 315 1639 349; x_wconf 82' lang='lat' dir='ltr'>XVII</span> 
     </span>
    </p>
   </div>
   <div class='ocr_carea' id='block_1_3' title="bbox 133 425 1647 3041">
    <p class='ocr_par' dir='ltr' id='par_1_3' title="bbox 133 425 1647 807">
     <span class='ocr_line' id='line_1_3' title="bbox 136 425 1640 483; baseline -0.002 -11"><span class='ocrx_word' id='word_1_4' title='bbox 136 425 295 472; x_wconf 71' lang='lat' dir='ltr'><strong><em>mnae</em></strong></span> <span class='ocrx_word' id='word_1_5' title='bbox 338 425 499 482; x_wconf 83' lang='lat'><em>(1106)</em></span> <span class='ocrx_word' id='word_1_6' title='bbox 542 439 632 468; x_wconf 89' lang='lat' dir='ltr'><strong><em>esse</em></strong></span> <span class='ocrx_word' id='word_1_7' title='bbox 662 425 856 483; x_wconf 85' lang='lat' dir='ltr'><strong><em>factam.</em></strong></span> <span class='ocrx_word' id='word_1_8' title='bbox 914 426 969 468; x_wconf 88' lang='lat' dir='ltr'><strong><em>In</em></strong></span> <span class='ocrx_word' id='word_1_9' title='bbox 1008 440 1093 483; x_wconf 89' lang='lat' dir='ltr'><strong><em>quo</em></strong></span> <span class='ocrx_word' id='word_1_10' title='bbox 1130 425 1317 470; x_wconf 88' lang='lat' dir='ltr'><strong><em>concilio</em></strong></span> <span class='ocrx_word' id='word_1_11' title='bbox 1361 441 1457 469; x_wconf 86' lang='lat' dir='ltr'><strong><em>cum</em></strong></span> <span class='ocrx_word' id='word_1_12' title='bbox 1497 441 1640 469; x_wconf 83' lang='lat' dir='ltr'><strong><em>omnes</em></strong></span> 
     </span>
     <span class='ocr_line' id='line_1_4' title="bbox 136 482 1647 541; baseline -0.002 -14"><span class='ocrx_word' id='word_1_13' title='bbox 136 483 351 541; x_wconf 72' lang='lat' dir='ltr'><strong><em>episcopi,</em></strong></span> <span class='ocrx_word' id='word_1_14' title='bbox 390 483 468 539; x_wconf 88' lang='lat' dir='ltr'><strong><em>qui</em></strong></span> <span class='ocrx_word' id='word_1_15' title='bbox 509 482 774 538; x_wconf 84' lang='lat' dir='ltr'><strong><em>temporibus</em></strong></span> <span class='ocrx_word' id='word_1_16' title='bbox 811 482 995 525; x_wconf 75' lang='lat' dir='ltr'><strong><em>discidii</em></strong></span> <span class='ocrx_word' id='word_1_17' title='bbox 1026 483 1116 524; x_wconf 83' lang='lat' dir='ltr'><strong><em>sive</em></strong></span> <span class='ocrx_word' id='word_1_18' title='bbox 1151 483 1399 525; x_wconf 70' lang='lat' dir='ltr'><strong><em>schismatis</em></strong></span> <span class='ocrx_word' id='word_1_19' title='bbox 1443 483 1647 525; x_wconf 83' lang='lat' dir='ltr'><strong><em>ordinati</em></strong></span> 
     </span>
     <span class='ocr_line' id='line_1_5' title="bbox 139 537 1638 595; baseline -0.003 -11"><span class='ocrx_word' id='word_1_20' title='bbox 139 545 284 594; x_wconf 61' lang='lat' dir='ltr'><strong><em>aaut,</em></strong></span> <span class='ocrx_word' id='word_1_21' title='bbox 321 539 582 581; x_wconf 82' lang='lat' dir='ltr'><strong><em>auctoritate</em></strong></span> <span class='ocrx_word' id='word_1_22' title='bbox 611 553 766 595; x_wconf 88' lang='lat' dir='ltr'><strong><em>papae</em></strong></span> <span class='ocrx_word' id='word_1_23' title='bbox 801 538 1183 593; x_wconf 81' lang='lat' dir='ltr'><strong><em>confirmarentur,</em></strong></span> <span class='ocrx_word' id='word_1_24' title='bbox 1225 540 1302 595; x_wconf 85' lang='lat' dir='ltr'><strong><em>qui</em></strong></span> <span class='ocrx_word' id='word_1_25' title='bbox 1340 539 1513 595; x_wconf 88' lang='lat' dir='ltr'><strong><em>quidem</em></strong></span> <span class='ocrx_word' id='word_1_26' title='bbox 1550 537 1638 581; x_wconf 86' lang='lat' dir='ltr'><strong><em>non</em></strong></span> 
     </span>
     <span class='ocr_line' id='line_1_6' title="bbox 133 593 1640 654; baseline -0.002 -15"><span class='ocrx_word' id='word_1_27' title='bbox 133 609 223 654; x_wconf 77' lang='lat' dir='ltr'><strong><em>per</em></strong></span> <span class='ocrx_word' id='word_1_28' title='bbox 242 594 462 653; x_wconf 78' lang='lat' dir='ltr'><strong><em>fraudem</em></strong></span> <span class='ocrx_word' id='word_1_29' title='bbox 502 595 746 638; x_wconf 78' lang='lat' dir='ltr'><strong><em>introducti</em></strong></span> <span class='ocrx_word' id='word_1_30' title='bbox 780 593 847 636; x_wconf 86' lang='lat' dir='ltr'><strong><em>vel</em></strong></span> <span class='ocrx_word' id='word_1_31' title='bbox 884 594 1082 637; x_wconf 82' lang='lat' dir='ltr'><strong><em>scelerati</em></strong></span> <span class='ocrx_word' id='word_1_32' title='bbox 1109 594 1176 636; x_wconf 87' lang='lat' dir='ltr'><strong><em>vel</em></strong></span> <span class='ocrx_word' id='word_1_33' title='bbox 1205 596 1458 638; x_wconf 86' lang='lat' dir='ltr'><strong><em>simonistae</em></strong></span> <span class='ocrx_word' id='word_1_34' title='bbox 1487 601 1640 647; x_wconf 84' lang='lat' dir='ltr'><strong><em>essent,</em></strong></span> 
     </span>
     <span class='ocr_line' id='line_1_7' title="bbox 139 650 1642 707; baseline -0.003 -11"><span class='ocrx_word' id='word_1_35' title='bbox 139 665 233 696; x_wconf 68' lang='lat' dir='ltr'><strong><em>non</em></strong></span> <span class='ocrx_word' id='word_1_36' title='bbox 260 651 424 694; x_wconf 81' lang='lat' dir='ltr'><strong><em>mirum</em></strong></span> <span class='ocrx_word' id='word_1_37' title='bbox 452 656 526 704; x_wconf 87' lang='lat' dir='ltr'><strong><em>est,</em></strong></span> <span class='ocrx_word' id='word_1_38' title='bbox 556 650 673 707; x_wconf 83' lang='lat' dir='ltr'><strong><em>quod</em></strong></span> <span class='ocrx_word' id='word_1_39' title='bbox 698 652 754 705; x_wconf 84' lang='lat' dir='ltr'><strong><em>is,</em></strong></span> <span class='ocrx_word' id='word_1_40' title='bbox 780 651 857 707; x_wconf 84' lang='lat' dir='ltr'><strong><em>qui</em></strong></span> <span class='ocrx_word' id='word_1_41' title='bbox 883 656 1006 693; x_wconf 88' lang='lat' dir='ltr'><strong><em>tanto</em></strong></span> <span class='ocrx_word' id='word_1_42' title='bbox 1035 651 1180 694; x_wconf 88' lang='lat' dir='ltr'><strong><em>studio</em></strong></span> <span class='ocrx_word' id='word_1_43' title='bbox 1212 666 1265 693; x_wconf 86' lang='lat' dir='ltr'><strong><em>ac</em></strong></span> <span class='ocrx_word' id='word_1_44' title='bbox 1294 651 1510 694; x_wconf 88' lang='lat' dir='ltr'><strong><em>desiderio</em></strong></span> <span class='ocrx_word' id='word_1_45' title='bbox 1541 652 1642 693; x_wconf 88' lang='lat' dir='ltr'><strong><em>uni-</em></strong></span> 
     </span>
     <span class='ocr_line' id='line_1_8' title="bbox 140 706 1640 763; baseline -0.002 -12"><span class='ocrx_word' id='word_1_46' title='bbox 140 713 274 751; x_wconf 75' lang='lat' dir='ltr'><strong><em>tatem</em></strong></span> <span class='ocrx_word' id='word_1_47' title='bbox 295 706 501 750; x_wconf 82' lang='lat' dir='ltr'><strong><em>ccclesiae</em></strong></span> <span class='ocrx_word' id='word_1_48' title='bbox 528 707 823 763; x_wconf 75' lang='lat' dir='ltr'><strong><em>appetivisset,</em></strong></span> <span class='ocrx_word' id='word_1_49' title='bbox 852 711 970 749; x_wconf 85' lang='lat' dir='ltr'><strong><em>statu</em></strong></span> <span class='ocrx_word' id='word_1_50' title='bbox 996 722 1142 750; x_wconf 88' lang='lat' dir='ltr'><strong><em>rerum</em></strong></span> <span class='ocrx_word' id='word_1_51' title='bbox 1171 713 1351 761; x_wconf 87' lang='lat' dir='ltr'><strong><em>mutato,</em></strong></span> <span class='ocrx_word' id='word_1_52' title='bbox 1382 707 1444 749; x_wconf 93' lang='lat' dir='ltr'><strong><em>ad</em></strong></span> <span class='ocrx_word' id='word_1_53' title='bbox 1468 721 1640 762; x_wconf 88' lang='lat' dir='ltr'><strong><em>papam</em></strong></span> 
     </span>
     <span class='ocr_line' id='line_1_9' title="bbox 142 762 572 807; baseline -0.009 0"><span class='ocrx_word' id='word_1_54' title='bbox 142 765 295 807; x_wconf 70' lang='lat' dir='ltr'><strong><em>animo</em></strong></span> <span class='ocrx_word' id='word_1_55' title='bbox 323 762 572 806; x_wconf 82' lang='lat' dir='ltr'><strong><em>inclinavit.</em></strong></span> 
     </span>
    </p>

    <p class='ocr_par' dir='ltr' id='par_1_4' title="bbox 136 817 1645 2443">
     <span class='ocr_line' id='line_1_10' title="bbox 226 817 1642 876; baseline -0.002 -14"><span class='ocrx_word' id='word_1_56' title='bbox 226 852 239 861; x_wconf 56' lang='lat'><strong>„</strong></span> <span class='ocrx_word' id='word_1_57' title='bbox 253 819 379 862; x_wconf 83' lang='lat' dir='ltr'><strong><em>Haec</em></strong></span> <span class='ocrx_word' id='word_1_58' title='bbox 426 833 540 876; x_wconf 82' lang='lat' dir='ltr'><strong><em>quae</em></strong></span> <span class='ocrx_word' id='word_1_59' title='bbox 586 818 639 861; x_wconf 88' lang='lat' dir='ltr'><strong><em>de</em></strong></span> <span class='ocrx_word' id='word_1_60' title='bbox 681 819 775 861; x_wconf 80' lang='lat' dir='ltr'><strong><em>vita</em></strong></span> <span class='ocrx_word' id='word_1_61' title='bbox 811 817 1043 861; x_wconf 80' lang='lat' dir='ltr'><strong><em>Waltrami</em></strong></span> <span class='ocrx_word' id='word_1_62' title='bbox 1090 818 1214 861; x_wconf 91' lang='lat' dir='ltr'><strong><em>nobis</em></strong></span> <span class='ocrx_word' id='word_1_63' title='bbox 1263 818 1422 862; x_wconf 90' lang='lat' dir='ltr'><strong><em>litteris</em></strong></span> <span class='ocrx_word' id='word_1_64' title='bbox 1468 819 1642 860; x_wconf 86' lang='lat' dir='ltr'><strong><em>tradita</em></strong></span> 
     </span>
     <span class='ocr_line' id='line_1_11' title="bbox 141 874 1641 932; baseline -0.001 -14"><span class='ocrx_word' id='word_1_65' title='bbox 141 881 260 929; x_wconf 75' lang='lat' dir='ltr'><strong><em>sunt,</em></strong></span> <span class='ocrx_word' id='word_1_66' title='bbox 303 876 345 918; x_wconf 82' lang='lat' dir='ltr'><strong><em>si</em></strong></span> <span class='ocrx_word' id='word_1_67' title='bbox 390 889 489 918; x_wconf 86' lang='lat' dir='ltr'><strong><em>cum</em></strong></span> <span class='ocrx_word' id='word_1_68' title='bbox 535 875 595 917; x_wconf 90' lang='lat' dir='ltr'><strong><em>iis</em></strong></span> <span class='ocrx_word' id='word_1_69' title='bbox 640 874 770 917; x_wconf 87' lang='lat' dir='ltr'><strong><em>rebus</em></strong></span> <span class='ocrx_word' id='word_1_70' title='bbox 812 889 1119 930; x_wconf 80' lang='lat' dir='ltr'><strong><em>comparamus</em></strong></span> <span class='ocrx_word' id='word_1_71' title='bbox 1167 890 1279 932; x_wconf 83' lang='lat' dir='ltr'><strong><em>quas</em></strong></span> <span class='ocrx_word' id='word_1_72' title='bbox 1327 875 1380 917; x_wconf 89' lang='lat' dir='ltr'><strong><em>de</em></strong></span> <span class='ocrx_word' id='word_1_73' title='bbox 1429 875 1641 931; x_wconf 83' lang='lat' dir='ltr'><strong><em>scriptore</em></strong></span> 
     </span>
     <span class='ocr_line' id='line_1_12' title="bbox 144 930 1641 988; baseline -0.001 -14"><span class='ocrx_word' id='word_1_74' title='bbox 144 932 280 974; x_wconf 72' lang='lat' dir='ltr'><strong><em>huius</em></strong></span> <span class='ocrx_word' id='word_1_75' title='bbox 323 931 557 988; x_wconf 67' lang='lat' dir='ltr'><strong><em>apologiae</em></strong></span> <span class='ocrx_word' id='word_1_76' title='bbox 599 945 654 972; x_wconf 68' lang='lat' dir='ltr'><strong><em>ecc</em></strong></span> <span class='ocrx_word' id='word_1_77' title='bbox 696 931 794 972; x_wconf 90' lang='lat' dir='ltr'><strong><em>eius</em></strong></span> <span class='ocrx_word' id='word_1_78' title='bbox 830 932 979 987; x_wconf 88' lang='lat' dir='ltr'><strong><em>ipsius</em></strong></span> <span class='ocrx_word' id='word_1_79' title='bbox 1021 930 1132 973; x_wconf 89' lang='lat' dir='ltr'><strong><em>libro</em></strong></span> <span class='ocrx_word' id='word_1_80' title='bbox 1175 932 1397 984; x_wconf 85' lang='lat' dir='ltr'><strong><em>audimus,</em></strong></span> <span class='ocrx_word' id='word_1_81' title='bbox 1433 932 1473 973; x_wconf 87' lang='lat' dir='ltr'><strong><em>si</em></strong></span> <span class='ocrx_word' id='word_1_82' title='bbox 1510 945 1641 987; x_wconf 83' lang='lat' dir='ltr'><strong><em>quae-</em></strong></span> 
     </span>
     <span class='ocr_line' id='line_1_13' title="bbox 141 985 1643 1042; baseline -0.002 -11"><span class='ocrx_word' id='word_1_83' title='bbox 141 988 297 1040; x_wconf 63' lang='lat' dir='ltr'><strong><em>riuus,</em></strong></span> <span class='ocrx_word' id='word_1_84' title='bbox 325 993 473 1030; x_wconf 77' lang='lat' dir='ltr'><strong><em>utrum</em></strong></span> <span class='ocrx_word' id='word_1_85' title='bbox 505 985 772 1029; x_wconf 80' lang='lat' dir='ltr'><strong><em>Waltramus</em></strong></span> <span class='ocrx_word' id='word_1_86' title='bbox 800 986 956 1029; x_wconf 77' lang='lat' dir='ltr'><strong><em>librum</em></strong></span> <span class='ocrx_word' id='word_1_87' title='bbox 984 988 1212 1042; x_wconf 77' lang='lat' dir='ltr'><strong><em>scripserit</em></strong></span> <span class='ocrx_word' id='word_1_88' title='bbox 1241 1001 1388 1039; x_wconf 90' lang='lat' dir='ltr'><strong><em>necne,</em></strong></span> <span class='ocrx_word' id='word_1_89' title='bbox 1416 1001 1486 1028; x_wconf 84' lang='lat' dir='ltr'><strong><em>res</em></strong></span> <span class='ocrx_word' id='word_1_90' title='bbox 1517 986 1643 1028; x_wconf 87' lang='lat' dir='ltr'><strong><em>nobis</em></strong></span> 
     </span>
     <span class='ocr_line' id='line_1_14' title="bbox 140 1042 1640 1100; baseline -0.002 -13"><span class='ocrx_word' id='word_1_91' title='bbox 140 1044 210 1087; x_wconf 73' lang='lat' dir='ltr'><strong><em>ita</em></strong></span> <span class='ocrx_word' id='word_1_92' title='bbox 230 1042 530 1086; x_wconf 70' lang='lat' dir='ltr'><strong><em>diiudicanda</em></strong></span> <span class='ocrx_word' id='word_1_93' title='bbox 552 1048 637 1085; x_wconf 85' lang='lat' dir='ltr'><strong><em>est:</em></strong></span> <span class='ocrx_word' id='word_1_94' title='bbox 659 1042 803 1085; x_wconf 82' lang='lat' dir='ltr'><strong><em>Multa</em></strong></span> <span class='ocrx_word' id='word_1_95' title='bbox 830 1049 933 1085; x_wconf 87' lang='lat' dir='ltr'><strong><em>sunt</em></strong></span> <span class='ocrx_word' id='word_1_96' title='bbox 958 1043 1118 1100; x_wconf 81' lang='lat' dir='ltr'><strong><em>quibus</em></strong></span> <span class='ocrx_word' id='word_1_97' title='bbox 1140 1043 1431 1096; x_wconf 81' lang='lat' dir='ltr'><strong><em>adducamur,</em></strong></span> <span class='ocrx_word' id='word_1_98' title='bbox 1455 1049 1504 1085; x_wconf 91' lang='lat' dir='ltr'><strong><em>ut</em></strong></span> <span class='ocrx_word' id='word_1_99' title='bbox 1526 1043 1640 1085; x_wconf 90' lang='lat' dir='ltr'><strong><em>Wal-</em></strong></span> 
     </span>
     <span class='ocr_line' id='line_1_15' title="bbox 139 1098 1642 1156; baseline -0.001 -14"><span class='ocrx_word' id='word_1_100' title='bbox 139 1105 330 1142; x_wconf 73' lang='lat' dir='ltr'><strong><em>tramum</em></strong></span> <span class='ocrx_word' id='word_1_101' title='bbox 357 1098 516 1142; x_wconf 85' lang='lat' dir='ltr'><strong><em>librum</em></strong></span> <span class='ocrx_word' id='word_1_102' title='bbox 545 1100 623 1156; x_wconf 85' lang='lat' dir='ltr'><strong><em>qui</em></strong></span> <span class='ocrx_word' id='word_1_103' title='bbox 646 1105 708 1141; x_wconf 88' lang='lat' dir='ltr'><strong><em>est</em></strong></span> <span class='ocrx_word' id='word_1_104' title='bbox 736 1099 792 1141; x_wconf 91' lang='lat' dir='ltr'><strong><em>de</em></strong></span> <span class='ocrx_word' id='word_1_105' title='bbox 812 1100 981 1141; x_wconf 88' lang='lat' dir='ltr'><strong><em>unitate</em></strong></span> <span class='ocrx_word' id='word_1_106' title='bbox 1009 1099 1106 1142; x_wconf 88' lang='lat' dir='ltr'><strong><em>eccl.</em></strong></span> <span class='ocrx_word' id='word_1_107' title='bbox 1129 1114 1246 1142; x_wconf 88' lang='lat' dir='ltr'><strong><em>cons.</em></strong></span> <span class='ocrx_word' id='word_1_108' title='bbox 1276 1100 1504 1155; x_wconf 83' lang='lat' dir='ltr'><strong><em>scripsisse</em></strong></span> <span class='ocrx_word' id='word_1_109' title='bbox 1526 1098 1642 1141; x_wconf 87' lang='lat' dir='ltr'><strong><em>arbi-</em></strong></span> 
     </span>
     <span class='ocr_line' id='line_1_16' title="bbox 142 1155 1641 1212; baseline -0.001 -14"><span class='ocrx_word' id='word_1_110' title='bbox 142 1161 320 1209; x_wconf 79' lang='lat' dir='ltr'><strong><em>tremur,</em></strong></span> <span class='ocrx_word' id='word_1_111' title='bbox 348 1155 464 1198; x_wconf 73' lang='lat' dir='ltr'><strong><em>nihil</em></strong></span> <span class='ocrx_word' id='word_1_112' title='bbox 486 1161 548 1197; x_wconf 89' lang='lat' dir='ltr'><strong><em>est</em></strong></span> <span class='ocrx_word' id='word_1_113' title='bbox 570 1170 655 1211; x_wconf 88' lang='lat' dir='ltr'><strong><em>quo</em></strong></span> <span class='ocrx_word' id='word_1_114' title='bbox 679 1156 989 1211; x_wconf 85' lang='lat' dir='ltr'><strong><em>impediamur,</em></strong></span> <span class='ocrx_word' id='word_1_115' title='bbox 1020 1158 1253 1212; x_wconf 79' lang='lat' dir='ltr'><strong><em>quominus</em></strong></span> <span class='ocrx_word' id='word_1_116' title='bbox 1278 1156 1356 1197; x_wconf 76' lang='lat' dir='ltr'><strong><em>hoc</em></strong></span> <span class='ocrx_word' id='word_1_117' title='bbox 1382 1161 1641 1197; x_wconf 87' lang='lat' dir='ltr'><strong><em>statuamus.</em></strong></span> 
     </span>
     <span class='ocr_line' id='line_1_17' title="bbox 143 1209 1643 1268; baseline -0.002 -13"><span class='ocrx_word' id='word_1_118' title='bbox 143 1209 236 1255; x_wconf 74' lang='lat' dir='ltr'><strong><em>Sed</em></strong></span> <span class='ocrx_word' id='word_1_119' title='bbox 275 1225 417 1254; x_wconf 84' lang='lat' dir='ltr'><strong><em>causa</em></strong></span> <span class='ocrx_word' id='word_1_120' title='bbox 461 1226 550 1254; x_wconf 87' lang='lat' dir='ltr'><strong><em>non</em></strong></span> <span class='ocrx_word' id='word_1_121' title='bbox 594 1217 749 1265; x_wconf 70' lang='lat' dir='ltr'><strong><em>exstat,</em></strong></span> <span class='ocrx_word' id='word_1_122' title='bbox 793 1227 883 1268; x_wconf 88' lang='lat' dir='ltr'><strong><em>qua</em></strong></span> <span class='ocrx_word' id='word_1_123' title='bbox 912 1226 1123 1268; x_wconf 66' lang='lat' dir='ltr'><strong><em>cogamur</em></strong></span> <span class='ocrx_word' id='word_1_124' title='bbox 1160 1212 1316 1264; x_wconf 82' lang='lat' dir='ltr'><strong><em>dicere,</em></strong></span> <span class='ocrx_word' id='word_1_125' title='bbox 1355 1211 1643 1254; x_wconf 86' lang='lat' dir='ltr'><strong><em>Waltramum</em></strong></span> 
     </span>
     <span class='ocr_line' id='line_1_18' title="bbox 141 1266 1644 1323; baseline -0.001 -13"><span class='ocrx_word' id='word_1_126' title='bbox 141 1266 268 1310; x_wconf 69' lang='lat' dir='ltr'><strong><em>illm</em></strong></span> <span class='ocrx_word' id='word_1_127' title='bbox 302 1266 464 1311; x_wconf 81' lang='lat' dir='ltr'><strong><em>librum</em></strong></span> <span class='ocrx_word' id='word_1_128' title='bbox 506 1268 750 1323; x_wconf 88' lang='lat' dir='ltr'><strong><em>scripsisse,</em></strong></span> <span class='ocrx_word' id='word_1_129' title='bbox 792 1282 872 1310; x_wconf 90' lang='lat' dir='ltr'><strong><em>nec</em></strong></span> <span class='ocrx_word' id='word_1_130' title='bbox 912 1283 1116 1323; x_wconf 82' lang='lat' dir='ltr'><strong><em>umquam</em></strong></span> <span class='ocrx_word' id='word_1_131' title='bbox 1159 1267 1355 1320; x_wconf 75' lang='lat' dir='ltr'><strong><em>exstabit,</em></strong></span> <span class='ocrx_word' id='word_1_132' title='bbox 1398 1268 1489 1310; x_wconf 91' lang='lat' dir='ltr'><strong><em>nisi</em></strong></span> <span class='ocrx_word' id='word_1_133' title='bbox 1518 1267 1644 1322; x_wconf 85' lang='lat' dir='ltr'><strong><em>forte</em></strong></span> 
     </span>
     <span class='ocr_line' id='line_1_19' title="bbox 145 1321 1643 1380; baseline -0.001 -14"><span class='ocrx_word' id='word_1_134' title='bbox 145 1322 264 1366; x_wconf 81' lang='lat' dir='ltr'><strong><em>alius</em></strong></span> <span class='ocrx_word' id='word_1_135' title='bbox 301 1323 438 1366; x_wconf 68' lang='lat' dir='ltr'><strong><em>codex</em></strong></span> <span class='ocrx_word' id='word_1_136' title='bbox 472 1324 729 1379; x_wconf 87' lang='lat' dir='ltr'><strong><em>reperietur,</em></strong></span> <span class='ocrx_word' id='word_1_137' title='bbox 767 1325 847 1380; x_wconf 88' lang='lat' dir='ltr'><strong><em>qui</em></strong></span> <span class='ocrx_word' id='word_1_138' title='bbox 882 1323 1039 1365; x_wconf 76' lang='lat' dir='ltr'><strong><em>habeat</em></strong></span> <span class='ocrx_word' id='word_1_139' title='bbox 1077 1338 1231 1366; x_wconf 90' lang='lat' dir='ltr'><strong><em>nomen</em></strong></span> <span class='ocrx_word' id='word_1_140' title='bbox 1267 1324 1473 1365; x_wconf 87' lang='lat' dir='ltr'><strong><em>auctoris.</em></strong></span> <span class='ocrx_word' id='word_1_141' title='bbox 1536 1321 1643 1365; x_wconf 84' lang='lat' dir='ltr'><strong><em>Cum</em></strong></span> 
     </span>
     <span class='ocr_line' id='line_1_20' title="bbox 143 1379 1644 1436; baseline -0.003 -14"><span class='ocrx_word' id='word_1_142' title='bbox 143 1381 288 1436; x_wconf 63' lang='lat' dir='ltr'><strong><em>igitur</em></strong></span> <span class='ocrx_word' id='word_1_143' title='bbox 323 1393 395 1422; x_wconf 80' lang='lat' dir='ltr'><strong><em>res</em></strong></span> <span class='ocrx_word' id='word_1_144' title='bbox 434 1380 620 1436; x_wconf 75' lang='lat' dir='ltr'><strong><em>qravior</em></strong></span> <span class='ocrx_word' id='word_1_145' title='bbox 657 1380 727 1432; x_wconf 88' lang='lat' dir='ltr'><strong><em>sit,</em></strong></span> <span class='ocrx_word' id='word_1_146' title='bbox 764 1394 896 1435; x_wconf 88' lang='lat' dir='ltr'><strong><em>quam</em></strong></span> <span class='ocrx_word' id='word_1_147' title='bbox 934 1385 983 1421; x_wconf 91' lang='lat' dir='ltr'><strong><em>ut</em></strong></span> <span class='ocrx_word' id='word_1_148' title='bbox 1018 1379 1103 1422; x_wconf 89' lang='lat' dir='ltr'><strong><em>levi</em></strong></span> <span class='ocrx_word' id='word_1_149' title='bbox 1140 1381 1391 1422; x_wconf 87' lang='lat' dir='ltr'><strong><em>coniectura</em></strong></span> <span class='ocrx_word' id='word_1_150' title='bbox 1417 1379 1644 1435; x_wconf 77' lang='lat' dir='ltr'><strong><em>pendatur</em></strong></span> 
     </span>
     <span class='ocr_line' id='line_1_21' title="bbox 144 1435 1643 1492; baseline -0.001 -14"><span class='ocrx_word' id='word_1_151' title='bbox 144 1435 381 1492; x_wconf 68' lang='lat' dir='ltr'><strong><em>maiusque</em></strong></span> <span class='ocrx_word' id='word_1_152' title='bbox 416 1437 468 1478; x_wconf 88' lang='lat' dir='ltr'><strong><em>in</em></strong></span> <span class='ocrx_word' id='word_1_153' title='bbox 502 1450 549 1476; x_wconf 89' lang='lat' dir='ltr'><strong><em>re</em></strong></span> <span class='ocrx_word' id='word_1_154' title='bbox 586 1435 725 1477; x_wconf 88' lang='lat' dir='ltr'><strong><em>dubia</em></strong></span> <span class='ocrx_word' id='word_1_155' title='bbox 754 1441 960 1490; x_wconf 86' lang='lat' dir='ltr'><strong><em>peccetur</em></strong></span> <span class='ocrx_word' id='word_1_156' title='bbox 995 1437 1046 1477; x_wconf 90' lang='lat' dir='ltr'><strong><em>in</em></strong></span> <span class='ocrx_word' id='word_1_157' title='bbox 1085 1450 1180 1477; x_wconf 90' lang='lat' dir='ltr'><strong><em>eam</em></strong></span> <span class='ocrx_word' id='word_1_158' title='bbox 1203 1441 1392 1491; x_wconf 85' lang='lat' dir='ltr'><strong><em>partem,</em></strong></span> <span class='ocrx_word' id='word_1_159' title='bbox 1431 1449 1543 1491; x_wconf 88' lang='lat' dir='ltr'><strong><em>quae</em></strong></span> <span class='ocrx_word' id='word_1_160' title='bbox 1581 1440 1643 1476; x_wconf 85' lang='lat' dir='ltr'><strong><em>est</em></strong></span> 
     </span>
     <span class='ocr_line' id='line_1_22' title="bbox 145 1490 1641 1547; baseline -0.001 -13"><span class='ocrx_word' id='word_1_161' title='bbox 145 1492 335 1544; x_wconf 78' lang='lat' dir='ltr'><strong><em>cautior,</em></strong></span> <span class='ocrx_word' id='word_1_162' title='bbox 392 1506 496 1533; x_wconf 87' lang='lat' dir='ltr'><strong><em>uam</em></strong></span> <span class='ocrx_word' id='word_1_163' title='bbox 525 1506 637 1547; x_wconf 81' lang='lat' dir='ltr'><strong><em>quae</em></strong></span> <span class='ocrx_word' id='word_1_164' title='bbox 661 1497 722 1533; x_wconf 83' lang='lat' dir='ltr'><strong><em>est</em></strong></span> <span class='ocrx_word' id='word_1_165' title='bbox 743 1491 973 1545; x_wconf 84' lang='lat' dir='ltr'><strong><em>audacior,</em></strong></span> <span class='ocrx_word' id='word_1_166' title='bbox 998 1492 1130 1534; x_wconf 77' lang='lat' dir='ltr'><strong><em>etiam</em></strong></span> <span class='ocrx_word' id='word_1_167' title='bbox 1149 1505 1231 1534; x_wconf 92' lang='lat' dir='ltr'><strong><em>nos</em></strong></span> <span class='ocrx_word' id='word_1_168' title='bbox 1258 1491 1373 1533; x_wconf 88' lang='lat' dir='ltr'><strong><em>litem</em></strong></span> <span class='ocrx_word' id='word_1_169' title='bbox 1403 1492 1534 1547; x_wconf 82' lang='lat' dir='ltr'><strong><em>quasi</em></strong></span> <span class='ocrx_word' id='word_1_170' title='bbox 1561 1490 1641 1532; x_wconf 88' lang='lat' dir='ltr'><strong><em>sub</em></strong></span> 
     </span>
     <span class='ocr_line' id='line_1_23' title="bbox 144 1505 1644 1604; baseline -0.002 -13"><span class='ocrx_word' id='word_1_171' title='bbox 144 1547 293 1591; x_wconf 68' lang='lat' dir='ltr'><strong><em>iudice</em></strong></span> <span class='ocrx_word' id='word_1_172' title='bbox 321 1505 622 1604; x_wconf 53' lang='lat' dir='ltr'><strong><em>relinquimus.</em></strong></span> <span class='ocrx_word' id='word_1_173' title='bbox 680 1547 882 1589; x_wconf 79' lang='lat' dir='ltr'><strong><em>Attamen</em></strong></span> <span class='ocrx_word' id='word_1_174' title='bbox 920 1547 999 1590; x_wconf 81' lang='lat' dir='ltr'><strong><em>boc</em></strong></span> <span class='ocrx_word' id='word_1_175' title='bbox 1027 1547 1153 1590; x_wconf 88' lang='lat' dir='ltr'><strong><em>nobis</em></strong></span> <span class='ocrx_word' id='word_1_176' title='bbox 1181 1548 1404 1599; x_wconf 87' lang='lat' dir='ltr'><strong><em>sumimus,</em></strong></span> <span class='ocrx_word' id='word_1_177' title='bbox 1431 1553 1521 1589; x_wconf 88' lang='lat' dir='ltr'><strong><em>tam</em></strong></span> <span class='ocrx_word' id='word_1_178' title='bbox 1549 1547 1644 1589; x_wconf 83' lang='lat' dir='ltr'><strong><em>veri</em></strong></span> 
     </span>
     <span class='ocr_line' id='line_1_24' title="bbox 143 1601 1643 1658; baseline -0.002 -12"><span class='ocrx_word' id='word_1_179' title='bbox 143 1603 286 1647; x_wconf 66' lang='lat' dir='ltr'><strong><em>nimae</em></strong></span> <span class='ocrx_word' id='word_1_180' title='bbox 335 1618 441 1656; x_wconf 90' lang='lat' dir='ltr'><strong><em>esse,</em></strong></span> <span class='ocrx_word' id='word_1_181' title='bbox 499 1603 786 1645; x_wconf 89' lang='lat' dir='ltr'><strong><em>Waltramum</em></strong></span> <span class='ocrx_word' id='word_1_182' title='bbox 839 1605 929 1646; x_wconf 84' lang='lat' dir='ltr'><strong><em>scri</em></strong></span> <span class='ocrx_word' id='word_1_183' title='bbox 960 1609 1094 1645; x_wconf 84' lang='lat' dir='ltr'><strong><em>torem</em></strong></span> <span class='ocrx_word' id='word_1_184' title='bbox 1145 1601 1250 1646; x_wconf 82' lang='lat' dir='ltr'><strong><em>libri</em></strong></span> <span class='ocrx_word' id='word_1_185' title='bbox 1301 1604 1443 1644; x_wconf 84' lang='lat' dir='ltr'><strong><em>nostri</em></strong></span> <span class='ocrx_word' id='word_1_186' title='bbox 1476 1602 1643 1658; x_wconf 88' lang='lat' dir='ltr'><strong><em>fuisse,</em></strong></span> 
     </span>
     <span class='ocr_line' id='line_1_25' title="bbox 146 1659 1645 1716; baseline -0.002 -13"><span class='ocrx_word' id='word_1_187' title='bbox 146 1665 198 1703; x_wconf 73' lang='lat' dir='ltr'><strong><em>ut</em></strong></span> <span class='ocrx_word' id='word_1_188' title='bbox 233 1660 275 1702; x_wconf 79' lang='lat' dir='ltr'><strong><em>ei</em></strong></span> <span class='ocrx_word' id='word_1_189' title='bbox 311 1659 516 1716; x_wconf 75' lang='lat' dir='ltr'><strong><em>qloriam,</em></strong></span> <span class='ocrx_word' id='word_1_190' title='bbox 584 1674 687 1701; x_wconf 87' lang='lat' dir='ltr'><strong><em>uam</em></strong></span> <span class='ocrx_word' id='word_1_191' title='bbox 726 1659 812 1701; x_wconf 85' lang='lat' dir='ltr'><strong><em>sibi</em></strong></span> <span class='ocrx_word' id='word_1_192' title='bbox 846 1674 934 1715; x_wconf 88' lang='lat' dir='ltr'><strong><em>apo</em></strong></span> <span class='ocrx_word' id='word_1_193' title='bbox 954 1660 1058 1715; x_wconf 77' lang='lat' dir='ltr'><strong><em>oqia</em></strong></span> <span class='ocrx_word' id='word_1_194' title='bbox 1098 1660 1350 1715; x_wconf 85' lang='lat' dir='ltr'><strong><em>conscripta</em></strong></span> <span class='ocrx_word' id='word_1_195' title='bbox 1383 1659 1569 1715; x_wconf 88' lang='lat' dir='ltr'><strong><em>paravit</em></strong></span> <span class='ocrx_word' id='word_1_196' title='bbox 1604 1664 1645 1700; x_wconf 89' lang='lat' dir='ltr'><strong><em>et</em></strong></span> 
     </span>
     <span class='ocr_line' id='line_1_26' title="bbox 146 1714 1644 1774; baseline -0.001 -16"><span class='ocrx_word' id='word_1_197' title='bbox 146 1730 238 1774; x_wconf 77' lang='lat' dir='ltr'><strong><em>qua</em></strong></span> <span class='ocrx_word' id='word_1_198' title='bbox 279 1730 416 1772; x_wconf 83' lang='lat' dir='ltr'><strong><em>usque</em></strong></span> <span class='ocrx_word' id='word_1_199' title='bbox 459 1715 522 1758; x_wconf 91' lang='lat' dir='ltr'><strong><em>ad</em></strong></span> <span class='ocrx_word' id='word_1_200' title='bbox 593 1730 679 1758; x_wconf 90' lang='lat' dir='ltr'><strong><em>unc</em></strong></span> <span class='ocrx_word' id='word_1_201' title='bbox 721 1715 836 1757; x_wconf 89' lang='lat' dir='ltr'><strong><em>diem</em></strong></span> <span class='ocrx_word' id='word_1_202' title='bbox 879 1715 1001 1757; x_wconf 89' lang='lat' dir='ltr'><strong><em>nullo</em></strong></span> <span class='ocrx_word' id='word_1_203' title='bbox 1036 1730 1148 1771; x_wconf 85' lang='lat' dir='ltr'><strong><em>repu</em></strong></span> <span class='ocrx_word' id='word_1_204' title='bbox 1181 1721 1315 1757; x_wconf 86' lang='lat' dir='ltr'><strong><em>nante</em></strong></span> <span class='ocrx_word' id='word_1_205' title='bbox 1339 1714 1526 1770; x_wconf 82' lang='lat' dir='ltr'><strong><em>fructus</em></strong></span> <span class='ocrx_word' id='word_1_206' title='bbox 1568 1720 1644 1767; x_wconf 84' lang='lat' dir='ltr'><strong><em>est,</em></strong></span> 
     </span>
     <span class='ocr_line' id='line_1_27' title="bbox 139 1731 1644 1828; baseline -0.001 -14"><span class='ocrx_word' id='word_1_207' title='bbox 139 1778 428 1828; x_wconf 80' lang='lat' dir='ltr'><strong><em>praereptam</em></strong></span> <span class='ocrx_word' id='word_1_208' title='bbox 466 1771 670 1815; x_wconf 85' lang='lat' dir='ltr'><strong><em>nolimus.</em></strong></span> <span class='ocrx_word' id='word_1_209' title='bbox 730 1770 788 1813; x_wconf 89' lang='lat' dir='ltr'><strong><em>At</em></strong></span> <span class='ocrx_word' id='word_1_210' title='bbox 820 1786 872 1813; x_wconf 91' lang='lat' dir='ltr'><strong><em>ue</em></strong></span> <span class='ocrx_word' id='word_1_211' title='bbox 902 1771 1073 1827; x_wconf 85' lang='lat' dir='ltr'><strong><em>quidem</em></strong></span> <span class='ocrx_word' id='word_1_212' title='bbox 1104 1731 1388 1814; x_wconf 60' lang='lat' dir='ltr'><strong><em>ngsveldiae</em></strong></span> <span class='ocrx_word' id='word_1_213' title='bbox 1417 1785 1552 1827; x_wconf 85' lang='lat' dir='ltr'><strong><em>usque</em></strong></span> <span class='ocrx_word' id='word_1_214' title='bbox 1582 1770 1644 1812; x_wconf 88' lang='lat' dir='ltr'><strong><em>ad</em></strong></span> 
     </span>
     <span class='ocr_line' id='line_1_28' title="bbox 146 1827 1641 1884; baseline -0.001 -14"><span class='ocrx_word' id='word_1_215' title='bbox 146 1841 200 1871; x_wconf 82' lang='lat' dir='ltr'><strong><em>ca</em></strong></span> <span class='ocrx_word' id='word_1_216' title='bbox 233 1857 246 1870; x_wconf 84' lang='lat'><strong>.</strong></span> <span class='ocrx_word' id='word_1_217' title='bbox 278 1828 345 1870; x_wconf 87' lang='grc'><strong><em>14.</em></strong></span> <span class='ocrx_word' id='word_1_218' title='bbox 383 1827 489 1870; x_wconf 83' lang='lat' dir='ltr'><strong><em>libri</em></strong></span> <span class='ocrx_word' id='word_1_219' title='bbox 517 1828 578 1881; x_wconf 91' lang='lat' dir='ltr'><strong><em>II,</em></strong></span> <span class='ocrx_word' id='word_1_220' title='bbox 625 1827 730 1870; x_wconf 88' lang='lat' dir='ltr'><strong><em>inde</em></strong></span> <span class='ocrx_word' id='word_1_221' title='bbox 768 1843 795 1869; x_wconf 93' lang='lat' dir='ltr'><strong><em>a</em></strong></span> <span class='ocrx_word' id='word_1_222' title='bbox 859 1828 937 1870; x_wconf 77' lang='lat' dir='ltr'><strong><em>boc</em></strong></span> <span class='ocrx_word' id='word_1_223' title='bbox 974 1828 1118 1883; x_wconf 87' lang='lat' dir='ltr'><strong><em>capite</em></strong></span> <span class='ocrx_word' id='word_1_224' title='bbox 1156 1827 1408 1884; x_wconf 71' lang='lat' dir='ltr'><strong><em>Numburqi</em></strong></span> <span class='ocrx_word' id='word_1_225' title='bbox 1450 1828 1540 1868; x_wconf 87' lang='lat' dir='ltr'><strong><em>scri</em></strong></span> <span class='ocrx_word' id='word_1_226' title='bbox 1572 1827 1641 1868; x_wconf 89' lang='lat' dir='ltr'><strong><em>sit.</em></strong></span> 
     </span>
     <span class='ocr_line' id='line_1_29' title="bbox 146 1841 1642 1940; baseline -0.002 -13"><span class='ocrx_word' id='word_1_227' title='bbox 146 1841 269 1927; x_wconf 53' lang='lat' dir='ltr'><strong><em>Ngm</em></strong></span> <span class='ocrx_word' id='word_1_228' title='bbox 303 1885 461 1928; x_wconf 85' lang='lat' dir='ltr'><strong><em>insunt</em></strong></span> <span class='ocrx_word' id='word_1_229' title='bbox 498 1885 548 1926; x_wconf 90' lang='lat' dir='ltr'><strong><em>in</em></strong></span> <span class='ocrx_word' id='word_1_230' title='bbox 587 1899 687 1940; x_wconf 85' lang='lat' dir='ltr'><strong><em>cap.</em></strong></span> <span class='ocrx_word' id='word_1_231' title='bbox 720 1882 785 1926; x_wconf 83' lang='lat'><strong><em>15.</em></strong></span> <span class='ocrx_word' id='word_1_232' title='bbox 821 1883 929 1925; x_wconf 86' lang='lat' dir='ltr'><strong><em>libri</em></strong></span> <span class='ocrx_word' id='word_1_233' title='bbox 956 1883 1018 1925; x_wconf 91' lang='grc' dir='ltr'><strong><em>ΙΙ.</em></strong></span> <span class='ocrx_word' id='word_1_234' title='bbox 1053 1883 1283 1936; x_wconf 85' lang='lat' dir='ltr'><strong><em>nonnulla,</em></strong></span> <span class='ocrx_word' id='word_1_235' title='bbox 1321 1897 1434 1938; x_wconf 88' lang='lat' dir='ltr'><strong><em>quae</em></strong></span> <span class='ocrx_word' id='word_1_236' title='bbox 1471 1884 1521 1925; x_wconf 89' lang='lat' dir='ltr'><strong><em>in</em></strong></span> <span class='ocrx_word' id='word_1_237' title='bbox 1555 1883 1642 1924; x_wconf 88' lang='lat' dir='ltr'><strong><em>icio</em></strong></span> 
     </span>
     <span class='ocr_line' id='line_1_30' title="bbox 146 1938 1645 1996; baseline -0.003 -13"><span class='ocrx_word' id='word_1_238' title='bbox 146 1946 264 1994; x_wconf 81' lang='lat' dir='ltr'><strong><em>sunt,</em></strong></span> <span class='ocrx_word' id='word_1_239' title='bbox 306 1941 418 1983; x_wconf 84' lang='lat' dir='ltr'><strong><em>satis</em></strong></span> <span class='ocrx_word' id='word_1_240' title='bbox 458 1939 639 1996; x_wconf 75' lang='lat' dir='ltr'><strong><em>lonqum</em></strong></span> <span class='ocrx_word' id='word_1_241' title='bbox 678 1938 959 1982; x_wconf 83' lang='lat' dir='ltr'><strong><em>intervallum</em></strong></span> <span class='ocrx_word' id='word_1_242' title='bbox 997 1941 1202 1995; x_wconf 85' lang='lat' dir='ltr'><strong><em>temporis</em></strong></span> <span class='ocrx_word' id='word_1_243' title='bbox 1239 1940 1509 1981; x_wconf 84' lang='lat' dir='ltr'><strong><em>interiectum</em></strong></span> <span class='ocrx_word' id='word_1_244' title='bbox 1552 1952 1645 1980; x_wconf 84' lang='lat' dir='ltr'><strong><em>esse</em></strong></span> 
     </span>
     <span class='ocr_line' id='line_1_31' title="bbox 147 1994 1643 2051; baseline -0.003 -12"><span class='ocrx_word' id='word_1_245' title='bbox 147 1996 263 2039; x_wconf 80' lang='lat' dir='ltr'><strong><em>inter</em></strong></span> <span class='ocrx_word' id='word_1_246' title='bbox 290 1996 370 2038; x_wconf 77' lang='lat' dir='ltr'><strong><em>hoc</em></strong></span> <span class='ocrx_word' id='word_1_247' title='bbox 390 2001 526 2051; x_wconf 84' lang='lat' dir='ltr'><strong><em>caput</em></strong></span> <span class='ocrx_word' id='word_1_248' title='bbox 553 2001 592 2037; x_wconf 87' lang='lat' dir='ltr'><strong><em>et</em></strong></span> <span class='ocrx_word' id='word_1_249' title='bbox 611 1995 764 2051; x_wconf 84' lang='lat' dir='ltr'><strong><em>capita</em></strong></span> <span class='ocrx_word' id='word_1_250' title='bbox 822 2010 906 2037; x_wconf 87' lang='lat' dir='ltr'><strong><em>uae</em></strong></span> <span class='ocrx_word' id='word_1_251' title='bbox 934 2001 1190 2050; x_wconf 85' lang='lat' dir='ltr'><strong><em>sequuntur.</em></strong></span> <span class='ocrx_word' id='word_1_252' title='bbox 1235 1995 1330 2036; x_wconf 91' lang='lat' dir='ltr'><strong><em>Hoc</em></strong></span> <span class='ocrx_word' id='word_1_253' title='bbox 1350 1994 1465 2036; x_wconf 88' lang='lat' dir='ltr'><strong><em>enim</em></strong></span> <span class='ocrx_word' id='word_1_254' title='bbox 1485 1995 1643 2050; x_wconf 85' lang='lat' dir='ltr'><strong><em>capite,</em></strong></span> 
     </span>
     <span class='ocr_line' id='line_1_32' title="bbox 147 2049 1645 2106; baseline -0.003 -12"><span class='ocrx_word' id='word_1_255' title='bbox 147 2053 279 2094; x_wconf 73' lang='lat' dir='ltr'><strong><em>euius</em></strong></span> <span class='ocrx_word' id='word_1_256' title='bbox 312 2052 363 2094; x_wconf 83' lang='lat' dir='ltr'><strong><em>in</em></strong></span> <span class='ocrx_word' id='word_1_257' title='bbox 400 2052 530 2094; x_wconf 86' lang='lat' dir='ltr'><strong><em>initio</em></strong></span> <span class='ocrx_word' id='word_1_258' title='bbox 568 2051 684 2093; x_wconf 81' lang='lat' dir='ltr'><strong><em>idem</em></strong></span> <span class='ocrx_word' id='word_1_259' title='bbox 712 2065 787 2092; x_wconf 85' lang='lat' dir='ltr'><strong><em>ver</em></strong></span> <span class='ocrx_word' id='word_1_260' title='bbox 813 2066 886 2092; x_wconf 87' lang='lat' dir='ltr'><strong><em>um</em></strong></span> <span class='ocrx_word' id='word_1_261' title='bbox 916 2050 1163 2106; x_wconf 77' lang='lat' dir='ltr'><strong><em>Auqustini</em></strong></span> <span class='ocrx_word' id='word_1_262' title='bbox 1189 2050 1330 2092; x_wconf 89' lang='lat' dir='ltr'><strong><em>locum</em></strong></span> <span class='ocrx_word' id='word_1_263' title='bbox 1358 2049 1495 2102; x_wconf 76' lang='lat' dir='ltr'><strong><em>habet,</em></strong></span> <span class='ocrx_word' id='word_1_264' title='bbox 1526 2049 1645 2106; x_wconf 85' lang='lat' dir='ltr'><strong><em>quod</em></strong></span> 
     </span>
     <span class='ocr_line' id='line_1_33' title="bbox 148 2106 1643 2162; baseline -0.003 -12"><span class='ocrx_word' id='word_1_265' title='bbox 148 2107 276 2150; x_wconf 75' lang='lat' dir='ltr'><strong><em>nobis</em></strong></span> <span class='ocrx_word' id='word_1_266' title='bbox 310 2123 348 2150; x_wconf 88' lang='lat' dir='ltr'><strong><em>c.</em></strong></span> <span class='ocrx_word' id='word_1_267' title='bbox 380 2107 417 2149; x_wconf 93' lang='grc'><strong><em>1.</em></strong></span> <span class='ocrx_word' id='word_1_268' title='bbox 455 2106 531 2149; x_wconf 84' lang='lat' dir='ltr'><strong><em>lib.</em></strong></span> <span class='ocrx_word' id='word_1_269' title='bbox 561 2106 597 2148; x_wconf 92' lang='lat' dir='ltr'><strong><em>I.</em></strong></span> <span class='ocrx_word' id='word_1_270' title='bbox 636 2107 842 2159; x_wconf 86' lang='lat' dir='ltr'><strong><em>occurrit,</em></strong></span> <span class='ocrx_word' id='word_1_271' title='bbox 879 2106 1017 2148; x_wconf 86' lang='lat' dir='ltr'><strong><em>multa</em></strong></span> <span class='ocrx_word' id='word_1_272' title='bbox 1055 2111 1314 2162; x_wconf 85' lang='lat' dir='ltr'><strong><em>repetuntur</em></strong></span> <span class='ocrx_word' id='word_1_273' title='bbox 1351 2121 1463 2162; x_wconf 90' lang='lat' dir='ltr'><strong><em>quae</em></strong></span> <span class='ocrx_word' id='word_1_274' title='bbox 1500 2120 1643 2162; x_wconf 84' lang='lat' dir='ltr'><strong><em>supra</em></strong></span> 
     </span>
     <span class='ocr_line' id='line_1_34' title="bbox 149 2161 1640 2219; baseline -0.002 -13"><span class='ocrx_word' id='word_1_275' title='bbox 149 2163 271 2206; x_wconf 77' lang='lat' dir='ltr'><strong><em>dicta</em></strong></span> <span class='ocrx_word' id='word_1_276' title='bbox 305 2168 447 2216; x_wconf 80' lang='lat' dir='ltr'><strong><em>crant,</em></strong></span> <span class='ocrx_word' id='word_1_277' title='bbox 485 2163 911 2219; x_wconf 78' lang='lat' dir='ltr'><strong><em>comprehenduntur</em></strong></span> <span class='ocrx_word' id='word_1_278' title='bbox 947 2177 1059 2218; x_wconf 88' lang='lat' dir='ltr'><strong><em>quae</em></strong></span> <span class='ocrx_word' id='word_1_279' title='bbox 1098 2164 1166 2205; x_wconf 89' lang='lat' dir='ltr'><strong><em>sin</em></strong></span> <span class='ocrx_word' id='word_1_280' title='bbox 1201 2161 1358 2203; x_wconf 76' lang='lat' dir='ltr'><strong><em>iuatim</em></strong></span> <span class='ocrx_word' id='word_1_281' title='bbox 1394 2167 1524 2203; x_wconf 78' lang='lat' dir='ltr'><strong><em>antea</em></strong></span> <span class='ocrx_word' id='word_1_282' title='bbox 1568 2175 1640 2203; x_wconf 77' lang='lat' dir='ltr'><strong><em>ex-</em></strong></span> 
     </span>
     <span class='ocr_line' id='line_1_35' title="bbox 140 2217 1644 2277; baseline -0.003 -14"><span class='ocrx_word' id='word_1_283' title='bbox 140 2220 297 2277; x_wconf 81' lang='lat' dir='ltr'><strong><em>posita</em></strong></span> <span class='ocrx_word' id='word_1_284' title='bbox 325 2224 466 2262; x_wconf 88' lang='lat' dir='ltr'><strong><em>erant.</em></strong></span> <span class='ocrx_word' id='word_1_285' title='bbox 524 2218 703 2262; x_wconf 81' lang='lat' dir='ltr'><strong><em>Accedit</em></strong></span> <span class='ocrx_word' id='word_1_286' title='bbox 731 2218 849 2274; x_wconf 90' lang='lat' dir='ltr'><strong><em>quod</em></strong></span> <span class='ocrx_word' id='word_1_287' title='bbox 877 2233 929 2260; x_wconf 87' lang='lat' dir='ltr'><strong><em>ca</em></strong></span> <span class='ocrx_word' id='word_1_288' title='bbox 965 2224 1013 2260; x_wconf 89' lang='lat' dir='ltr'><strong><em>ut</em></strong></span> <span class='ocrx_word' id='word_1_289' title='bbox 1046 2217 1108 2260; x_wconf 85' lang='lat'><strong><em>17.</em></strong></span> <span class='ocrx_word' id='word_1_290' title='bbox 1144 2217 1176 2260; x_wconf 76' lang='lat' dir='ltr'><strong><em>l2</em></strong></span> <span class='ocrx_word' id='word_1_291' title='bbox 1203 2220 1248 2259; x_wconf 84' lang='lat' dir='ltr'><strong><em>ri</em></strong></span> <span class='ocrx_word' id='word_1_292' title='bbox 1277 2218 1312 2259; x_wconf 93' lang='grc' dir='ltr'><strong><em>Ι.</em></strong></span> <span class='ocrx_word' id='word_1_293' title='bbox 1342 2219 1553 2273; x_wconf 84' lang='lat' dir='ltr'><strong><em>scriptum</em></strong></span> <span class='ocrx_word' id='word_1_294' title='bbox 1581 2224 1644 2259; x_wconf 89' lang='lat' dir='ltr'><strong><em>est</em></strong></span> 
     </span>
     <span class='ocr_line' id='line_1_36' title="bbox 150 2273 1644 2330; baseline -0.003 -12"><span class='ocrx_word' id='word_1_295' title='bbox 150 2281 251 2318; x_wconf 84' lang='lat' dir='ltr'><strong><em>ante</em></strong></span> <span class='ocrx_word' id='word_1_296' title='bbox 278 2274 418 2330; x_wconf 79' lang='lat' dir='ltr'><strong><em>finem</em></strong></span> <span class='ocrx_word' id='word_1_297' title='bbox 455 2277 570 2318; x_wconf 86' lang='lat' dir='ltr'><strong><em>anni</em></strong></span> <span class='ocrx_word' id='word_1_298' title='bbox 602 2274 724 2327; x_wconf 87' lang='lat'><strong><em>1090,</em></strong></span> <span class='ocrx_word' id='word_1_299' title='bbox 766 2289 863 2330; x_wconf 90' lang='lat' dir='ltr'><strong><em>cap.</em></strong></span> <span class='ocrx_word' id='word_1_300' title='bbox 901 2275 918 2316; x_wconf 94' lang='lat' dir='ltr'><strong><em>l</em></strong></span> <span class='ocrx_word' id='word_1_301' title='bbox 951 2304 962 2315; x_wconf 87' lang='lat'><strong>.</strong></span> <span class='ocrx_word' id='word_1_302' title='bbox 1001 2273 1106 2316; x_wconf 85' lang='lat' dir='ltr'><strong><em>libri</em></strong></span> <span class='ocrx_word' id='word_1_303' title='bbox 1136 2274 1195 2327; x_wconf 90' lang='lat' dir='ltr'><strong><em>II,</em></strong></span> <span class='ocrx_word' id='word_1_304' title='bbox 1231 2280 1419 2330; x_wconf 88' lang='lat' dir='ltr'><strong><em>tempore</em></strong></span> <span class='ocrx_word' id='word_1_305' title='bbox 1455 2274 1644 2315; x_wconf 86' lang='lat' dir='ltr'><strong><em>duorum</em></strong></span> 
     </span>
     <span class='ocr_line' id='line_1_37' title="bbox 136 2329 1645 2388; baseline -0.003 -13"><span class='ocrx_word' id='word_1_306' title='bbox 136 2331 242 2388; x_wconf 79' lang='lat' dir='ltr'><strong><em>fere</em></strong></span> <span class='ocrx_word' id='word_1_307' title='bbox 277 2346 498 2374; x_wconf 89' lang='lat' dir='ltr'><strong><em>annorum</em></strong></span> <span class='ocrx_word' id='word_1_308' title='bbox 525 2332 762 2383; x_wconf 82' lang='lat' dir='ltr'><strong><em>interiecto,</em></strong></span> <span class='ocrx_word' id='word_1_309' title='bbox 793 2345 913 2373; x_wconf 89' lang='lat' dir='ltr'><strong><em>anno</em></strong></span> <span class='ocrx_word' id='word_1_310' title='bbox 952 2331 1075 2372; x_wconf 85' lang='lat'>1092.</span> <span class='ocrx_word' id='word_1_311' title='bbox 1138 2329 1260 2379; x_wconf 81' lang='lat' dir='ltr'><strong><em>Quae</em></strong></span> <span class='ocrx_word' id='word_1_312' title='bbox 1303 2330 1568 2372; x_wconf 85' lang='lat' dir='ltr'><strong><em>intermissio</em></strong></span> <span class='ocrx_word' id='word_1_313' title='bbox 1614 2344 1645 2370; x_wconf 84' lang='lat' dir='ltr'><strong><em>a</em></strong></span> 
     </span>
     <span class='ocr_line' id='line_1_38' title="bbox 150 2386 1643 2443; baseline -0.003 -12"><span class='ocrx_word' id='word_1_314' title='bbox 150 2387 378 2431; x_wconf 81' lang='lat' dir='ltr'><strong><em>scribendo</em></strong></span> <span class='ocrx_word' id='word_1_315' title='bbox 402 2386 539 2443; x_wconf 88' lang='lat' dir='ltr'><strong><em>facta</em></strong></span> <span class='ocrx_word' id='word_1_316' title='bbox 576 2401 667 2430; x_wconf 88' lang='lat' dir='ltr'><strong><em>esse</em></strong></span> <span class='ocrx_word' id='word_1_317' title='bbox 703 2387 876 2430; x_wconf 86' lang='lat' dir='ltr'><strong><em>videtur</em></strong></span> <span class='ocrx_word' id='word_1_318' title='bbox 913 2387 1069 2429; x_wconf 87' lang='lat' dir='ltr'><strong><em>itinere</em></strong></span> <span class='ocrx_word' id='word_1_319' title='bbox 1097 2386 1405 2442; x_wconf 78' lang='lat' dir='ltr'><strong><em>Numburqum</em></strong></span> <span class='ocrx_word' id='word_1_320' title='bbox 1434 2391 1643 2441; x_wconf 82' lang='lat' dir='ltr'><strong><em>suscepto.</em></strong></span> 
     </span>
    </p>

    <p class='ocr_par' dir='ltr' id='par_1_5' title="bbox 146 2442 1644 2779">
     <span class='ocr_line' id='line_1_39' title="bbox 263 2442 1643 2498; baseline -0.003 -12"><span class='ocrx_word' id='word_1_321' title='bbox 263 2443 394 2486; x_wconf 89' lang='lat' dir='ltr'><strong><em>Liber</em></strong></span> <span class='ocrx_word' id='word_1_322' title='bbox 427 2457 529 2486; x_wconf 85' lang='lat' dir='ltr'><strong><em>vero</em></strong></span> <span class='ocrx_word' id='word_1_323' title='bbox 568 2458 590 2485; x_wconf 93' lang='lat' dir='ltr'><strong><em>e</em></strong></span> <span class='ocrx_word' id='word_1_324' title='bbox 628 2443 767 2485; x_wconf 85' lang='lat' dir='ltr'><strong><em>tribus</em></strong></span> <span class='ocrx_word' id='word_1_325' title='bbox 836 2442 1006 2484; x_wconf 85' lang='lat' dir='ltr'><strong><em>artibus</em></strong></span> <span class='ocrx_word' id='word_1_326' title='bbox 1041 2448 1221 2494; x_wconf 88' lang='lat' dir='ltr'><strong><em>constat,</em></strong></span> <span class='ocrx_word' id='word_1_327' title='bbox 1289 2457 1450 2484; x_wconf 80' lang='lat' dir='ltr'><strong><em>uarum</em></strong></span> <span class='ocrx_word' id='word_1_328' title='bbox 1487 2442 1643 2498; x_wconf 85' lang='lat' dir='ltr'><strong><em>prima</em></strong></span> 
     </span>
     <span class='ocr_line' id='line_1_40' title="bbox 149 2498 1643 2556; baseline -0.001 -16"><span class='ocrx_word' id='word_1_329' title='bbox 149 2498 457 2556; x_wconf 78' lang='lat' dir='ltr'><strong><em>refutationem</em></strong></span> <span class='ocrx_word' id='word_1_330' title='bbox 499 2499 712 2556; x_wconf 87' lang='lat' dir='ltr'><strong><em>epistulae</em></strong></span> <span class='ocrx_word' id='word_1_331' title='bbox 757 2514 783 2540; x_wconf 87' lang='lat' dir='ltr'><strong><em>a</em></strong></span> <span class='ocrx_word' id='word_1_332' title='bbox 860 2498 1165 2541; x_wconf 87' lang='lat' dir='ltr'><strong><em>Hildebrando</em></strong></span> <span class='ocrx_word' id='word_1_333' title='bbox 1214 2514 1241 2539; x_wconf 92' lang='lat' dir='ltr'><strong><em>a</em></strong></span> <span class='ocrx_word' id='word_1_334' title='bbox 1323 2498 1643 2540; x_wconf 78' lang='lat' dir='ltr'><strong><em>Her-imannum</em></strong></span> 
     </span>
     <span class='ocr_line' id='line_1_41' title="bbox 149 2553 1644 2612; baseline -0.003 -13"><span class='ocrx_word' id='word_1_335' title='bbox 149 2556 402 2612; x_wconf 78' lang='lat' dir='ltr'><strong><em>episcopum</em></strong></span> <span class='ocrx_word' id='word_1_336' title='bbox 426 2556 657 2598; x_wconf 86' lang='lat' dir='ltr'><strong><em>Metensem</em></strong></span> <span class='ocrx_word' id='word_1_337' title='bbox 684 2556 844 2598; x_wconf 82' lang='lat' dir='ltr'><strong><em>missae</em></strong></span> <span class='ocrx_word' id='word_1_338' title='bbox 871 2555 1071 2607; x_wconf 83' lang='lat' dir='ltr'><strong><em>continet,</em></strong></span> <span class='ocrx_word' id='word_1_339' title='bbox 1100 2557 1148 2598; x_wconf 86' lang='lat' dir='ltr'><strong><em>in</em></strong></span> <span class='ocrx_word' id='word_1_340' title='bbox 1178 2569 1366 2611; x_wconf 84' lang='lat' dir='ltr'><strong><em>quarum</em></strong></span> <span class='ocrx_word' id='word_1_341' title='bbox 1396 2553 1536 2595; x_wconf 87' lang='lat' dir='ltr'><strong><em>altera</em></strong></span> <span class='ocrx_word' id='word_1_342' title='bbox 1566 2554 1644 2595; x_wconf 87' lang='lat' dir='ltr'><strong><em>im·</em></strong></span> 
     </span>
     <span class='ocr_line' id='line_1_42' title="bbox 146 2610 1644 2668; baseline -0.003 -14"><span class='ocrx_word' id='word_1_343' title='bbox 146 2617 384 2668; x_wconf 65' lang='lat' dir='ltr'><strong><em>pugnatur</em></strong></span> <span class='ocrx_word' id='word_1_344' title='bbox 463 2612 596 2654; x_wconf 87' lang='lat' dir='ltr'><strong><em>istula</em></strong></span> <span class='ocrx_word' id='word_1_345' title='bbox 625 2611 829 2654; x_wconf 75' lang='lat' dir='ltr'><strong><em>monachi</em></strong></span> <span class='ocrx_word' id='word_1_346' title='bbox 856 2610 1088 2653; x_wconf 87' lang='lat' dir='ltr'><strong><em>cuiusdam</em></strong></span> <span class='ocrx_word' id='word_1_347' title='bbox 1122 2610 1460 2666; x_wconf 75' lang='lat' dir='ltr'><strong><em>Hirsauqiensis</em></strong></span> <span class='ocrx_word' id='word_1_348' title='bbox 1488 2614 1644 2651; x_wconf 81' lang='lat' dir='ltr'><strong><em>contra</em></strong></span> 
     </span>
     <span class='ocr_line' id='line_1_43' title="bbox 157 2626 1644 2724; baseline -0.003 -15"><span class='ocrx_word' id='word_1_349' title='bbox 157 2626 506 2710; x_wconf 52' lang='lat' dir='ltr'><strong><em>aementevnefll.</em></strong></span> <span class='ocrx_word' id='word_1_350' title='bbox 530 2682 718 2724; x_wconf 88' lang='lat' dir='ltr'><strong><em>papam,</em></strong></span> <span class='ocrx_word' id='word_1_351' title='bbox 749 2668 797 2709; x_wconf 92' lang='lat' dir='ltr'><strong><em>in</em></strong></span> <span class='ocrx_word' id='word_1_352' title='bbox 819 2682 1007 2723; x_wconf 84' lang='lat' dir='ltr'><strong><em>quarum</em></strong></span> <span class='ocrx_word' id='word_1_353' title='bbox 1026 2668 1169 2720; x_wconf 86' lang='lat' dir='ltr'><strong><em>tertia,</em></strong></span> <span class='ocrx_word' id='word_1_354' title='bbox 1193 2681 1305 2722; x_wconf 85' lang='lat' dir='ltr'><strong><em>quae</em></strong></span> <span class='ocrx_word' id='word_1_355' title='bbox 1325 2680 1414 2708; x_wconf 88' lang='lat' dir='ltr'><strong><em>non</em></strong></span> <span class='ocrx_word' id='word_1_356' title='bbox 1436 2665 1644 2719; x_wconf 83' lang='lat' dir='ltr'><strong><em>adfinem</em></strong></span> 
     </span>
     <span class='ocr_line' id='line_1_44' title="bbox 154 2721 1139 2779; baseline 0 -16"><span class='ocrx_word' id='word_1_357' title='bbox 154 2721 287 2764; x_wconf 82' lang='lat' dir='ltr'><strong><em>ducta</em></strong></span> <span class='ocrx_word' id='word_1_358' title='bbox 315 2728 390 2774; x_wconf 81' lang='lat' dir='ltr'><strong><em>est,</em></strong></span> <span class='ocrx_word' id='word_1_359' title='bbox 421 2724 574 2779; x_wconf 65' lang='lat' dir='ltr'><strong><em>agitur</em></strong></span> <span class='ocrx_word' id='word_1_360' title='bbox 598 2724 651 2765; x_wconf 89' lang='lat' dir='ltr'><strong><em>de</em></strong></span> <span class='ocrx_word' id='word_1_361' title='bbox 680 2724 726 2765; x_wconf 82' lang='lat' dir='ltr'><strong><em>vi</em></strong></span> <span class='ocrx_word' id='word_1_362' title='bbox 754 2728 1139 2765; x_wconf 88' lang='lat' dir='ltr'><strong><em>sacramentorum.</em></strong></span> 
     </span>
    </p>

    <p class='ocr_par' dir='ltr' id='par_1_6' title="bbox 154 2776 1646 3002">
     <span class='ocr_line' id='line_1_45' title="bbox 269 2776 1643 2835; baseline -0.002 -17"><span class='ocrx_word' id='word_1_363' title='bbox 269 2778 306 2819; x_wconf 93' lang='lat'><strong><em>1.</em></strong></span> <span class='ocrx_word' id='word_1_364' title='bbox 365 2777 600 2835; x_wconf 75' lang='lat' dir='ltr'><strong><em>Postquam</em></strong></span> <span class='ocrx_word' id='word_1_365' title='bbox 631 2778 852 2822; x_wconf 69' lang='lat' dir='ltr'><strong><em>Hearicm</em></strong></span> <span class='ocrx_word' id='word_1_366' title='bbox 880 2778 957 2821; x_wconf 92' lang='lat' dir='ltr'><strong><em>IV.</em></strong></span> <span class='ocrx_word' id='word_1_367' title='bbox 982 2778 1262 2834; x_wconf 79' lang='lat' dir='ltr'><strong><em>paenitentia</em></strong></span> <span class='ocrx_word' id='word_1_368' title='bbox 1295 2776 1513 2820; x_wconf 87' lang='lat' dir='ltr'><strong><em>Canossae</em></strong></span> <span class='ocrx_word' id='word_1_369' title='bbox 1544 2780 1643 2817; x_wconf 84' lang='lat' dir='ltr'><strong><em>acta</em></strong></span> 
     </span>
     <span class='ocr_line' id='line_1_46' title="bbox 154 2830 1646 2891; baseline -0.003 -16"><span class='ocrx_word' id='word_1_370' title='bbox 154 2834 430 2875; x_wconf 77' lang='lat' dir='ltr'><strong><em>anathemate</em></strong></span> <span class='ocrx_word' id='word_1_371' title='bbox 460 2847 503 2876; x_wconf 87' lang='lat' dir='ltr'><strong><em>se</em></strong></span> <span class='ocrx_word' id='word_1_372' title='bbox 531 2833 670 2886; x_wconf 83' lang='lat' dir='ltr'><strong><em>solvit,</em></strong></span> <span class='ocrx_word' id='word_1_373' title='bbox 700 2848 843 2889; x_wconf 87' lang='lat' dir='ltr'><strong><em>papa,</em></strong></span> <span class='ocrx_word' id='word_1_374' title='bbox 882 2835 960 2891; x_wconf 83' lang='lat' dir='ltr'><strong><em>qui</em></strong></span> <span class='ocrx_word' id='word_1_375' title='bbox 988 2833 1103 2876; x_wconf 75' lang='lat' dir='ltr'><strong><em>nihil</em></strong></span> <span class='ocrx_word' id='word_1_376' title='bbox 1132 2833 1261 2875; x_wconf 81' lang='lat' dir='ltr'><strong><em>aliud</em></strong></span> <span class='ocrx_word' id='word_1_377' title='bbox 1290 2831 1523 2888; x_wconf 87' lang='lat' dir='ltr'><strong><em>spectabat,</em></strong></span> <span class='ocrx_word' id='word_1_378' title='bbox 1555 2830 1646 2871; x_wconf 89' lang='lat' dir='ltr'><strong><em>nisi</em></strong></span> 
     </span>
     <span class='ocr_line' id='line_1_47' title="bbox 156 2887 1645 2946; baseline -0.003 -15"><span class='ocrx_word' id='word_1_379' title='bbox 156 2896 203 2932; x_wconf 90' lang='lat' dir='ltr'><strong><em>ut</em></strong></span> <span class='ocrx_word' id='word_1_380' title='bbox 223 2887 508 2932; x_wconf 78' lang='lat' dir='ltr'><strong><em>Germaniam</em></strong></span> <span class='ocrx_word' id='word_1_381' title='bbox 537 2890 586 2931; x_wconf 89' lang='lat' dir='ltr'><strong><em>in</em></strong></span> <span class='ocrx_word' id='word_1_382' title='bbox 606 2889 692 2931; x_wconf 88' lang='lat' dir='ltr'><strong><em>duo</em></strong></span> <span class='ocrx_word' id='word_1_383' title='bbox 722 2904 863 2946; x_wconf 79' lang='lat' dir='ltr'><strong><em>reqna</em></strong></span> <span class='ocrx_word' id='word_1_384' title='bbox 890 2889 1103 2931; x_wconf 86' lang='lat' dir='ltr'><strong><em>divideret</em></strong></span> <span class='ocrx_word' id='word_1_385' title='bbox 1132 2889 1384 2943; x_wconf 85' lang='lat' dir='ltr'><strong><em>divisaeque</em></strong></span> <span class='ocrx_word' id='word_1_386' title='bbox 1414 2887 1645 2942; x_wconf 76' lang='lat' dir='ltr'><strong><em>imperium</em></strong></span> 
     </span>
     <span class='ocr_line' id='line_1_48' title="bbox 156 2941 1645 3002; baseline -0.004 -15"><span class='ocrx_word' id='word_1_387' title='bbox 156 2950 469 3002; x_wconf 84' lang='lat' dir='ltr'><strong><em>assequeretur,</em></strong></span> <span class='ocrx_word' id='word_1_388' title='bbox 504 2950 759 2987; x_wconf 84' lang='lat' dir='ltr'><strong><em>conventum</em></strong></span> <span class='ocrx_word' id='word_1_389' title='bbox 796 2959 927 3000; x_wconf 74' lang='lat' dir='ltr'><strong><em>aqere</em></strong></span> <span class='ocrx_word' id='word_1_390' title='bbox 966 2946 1015 2986; x_wconf 84' lang='lat' dir='ltr'><strong><em>in</em></strong></span> <span class='ocrx_word' id='word_1_391' title='bbox 1054 2945 1136 2986; x_wconf 79' lang='lat' dir='ltr'><strong><em>hac</em></strong></span> <span class='ocrx_word' id='word_1_392' title='bbox 1174 2950 1294 2985; x_wconf 86' lang='lat' dir='ltr'><strong><em>terra</em></strong></span> <span class='ocrx_word' id='word_1_393' title='bbox 1333 2942 1565 2991; x_wconf 83' lang='lat' dir='ltr'><strong><em>constituit,</em></strong></span> <span class='ocrx_word' id='word_1_394' title='bbox 1597 2941 1645 2982; x_wconf 83' lang='lat' dir='ltr'><strong><em>in</em></strong></span> 
     </span>
    </p>

    <p class='ocr_par' dir='ltr' id='par_1_7' title="bbox 1306 3008 1337 3041">
     <span class='ocr_line' id='line_1_49' title="bbox 1306 3008 1337 3041; baseline 0 0"><span class='ocrx_word' id='word_1_395' title='bbox 1306 3008 1337 3041; x_wconf 87' lang='lat' dir='ltr'>B</span> 
     </span>
    </p>
   </div>
  </div>
 </body>
</html>
