1878 3308
130 537 219 565 Cant.
234 541 259 572 1,
272 539 299 565 7.

317 299 363 331 86
564 298 630 331 DE
656 297 869 331 UNITATE
897 295 1169 330 ECCLESIAE
1197 294 1566 330 CONSERVANDA.

316 426 362 454 se
391 408 741 468 persuasionibus
771 407 942 451 trahant
971 413 1013 450 et
1032 408 1239 450 doctrinis
1267 407 1482 464 pestiferis
1511 405 1568 448 ad
1595 405 1812 449 interitum

314 468 517 510 nutriant.
563 466 671 509 Sed:
701 465 809 507 Nisi
837 466 1091 521 coqnoveris
1119 470 1169 517 te,
1201 479 1224 506 o
1238 464 1434 520 pulchra
1462 465 1580 506 inter
1598 461 1815 513 mulieres,

315 524 530 582 eqredere,
566 523 708 579 inquit
737 521 965 575 Dominus,
1007 527 1045 563 et
1083 520 1157 562 abi
1179 526 1283 576 post
1311 520 1499 575 vestiqia
1558 532 1738 575 reyum5
1768 517 1814 560 id

314 586 396 623 est:
434 580 518 621 nisi
553 579 759 621 honorem
789 583 923 631 tuum,
965 592 1050 634 quo
1087 577 1143 618 ad
1173 575 1495 618 similitudinem
1570 575 1610 617 ei
1639 589 1685 617 es
1715 587 1814 629 con-

314 637 415 690 dita,
445 635 554 678 bene
573 633 759 677 vivendo
790 634 1058 690 cognoveris,
1088 648 1113 674 a
1143 640 1379 690 conspectu
1408 645 1530 673 meae
1550 629 1814 686 contempla-

313 693 443 735 tionis
473 691 677 747 egredere
707 696 750 732 et
777 690 1075 746 imperitorum
1105 689 1238 731 vitam
1275 690 1444 731 imitare
1473 685 1742 744 populorum,
1772 692 1816 728 et

314 749 500 791 cultores
519 760 818 804 perversorum
839 746 1104 802 dogmatum,
1135 746 1257 801 quasi
1277 744 1466 787 hoedos²
1493 749 1590 785 tuos
1612 756 1741 798 pasce
1769 742 1814 783 in

312 803 599 848 tabernaculis
629 809 864 859 pastorum,
894 803 977 844 hoc
1007 808 1071 845 est
1100 802 1144 842 in
1175 799 1488 843 conventiculis
1517 799 1814 842 hereticorum.

312 861 432 903 Ecce
454 860 569 902 enim
589 858 789 901 defensor
807 859 994 915 partium
1014 857 1300 900 Hildebrandi
1329 855 1481 899 scribit
1501 861 1650 898 contra
1669 853 1816 897 sedem

312 916 595 974 apostolicam
632 914 759 956 simul
798 921 841 957 et
877 921 1027 957 contra
1063 913 1351 957 universalem
1383 911 1622 965 ecclesiam,
1653 910 1814 964 dicens,

313 988 409 1016 eam
438 972 632 1015 amisisse
662 971 867 1013 honorem
887 971 1128 1014 sacerdotii.
1167 970 1228 1013 Ut
1256 968 1424 1013 facilius
1450 967 1587 1024 possit
1615 966 1816 1024 decipere

313 1044 401 1083 eOS,
439 1029 512 1086 qui
548 1027 729 1070 credunt
766 1026 879 1069 illius
908 1026 1233 1084 perversissimo
1263 1026 1410 1079 errori,
1439 1022 1675 1066 introducit
1701 1023 1817 1066 testi-

313 1085 460 1128 monia
504 1089 748 1126 sanctorum
792 1090 978 1140 patrum,
1017 1083 1272 1136 Innocentii‚
1315 1080 1560 1135 Caelestini,
1603 1079 1816 1136 Gregorii,

313 1141 561 1197 Augustini.
629 1139 933 1182 Innocentius1
979 1154 1114 1196 papa:
1161 1148 1233 1190 Qui
1269 1149 1446 1188 honorem,
1486 1137 1641 1194 inquit,
1662 1192 1665 1193 ⁷
1686 1146 1815 1190 amisit,

313 1202 479 1235 honorem
512 1201 600 1234 dare
633 1211 705 1233 ‘non
734 1210 848 1242 posse,
884 1211 948 1234 nec
973 1200 1085 1233 ullum
1111 1198 1249 1242 aliquid
1275 1197 1319 1230 ab
1351 1208 1390 1231 eo
1417 1195 1592 1240 accepisse
1619 1195 1816 1240 adquiesci-

313 1262 403 1291 mus,
442 1249 529 1293 quia
564 1248 657 1282 nihil
685 1248 724 1282 in
758 1249 866 1282 dante
901 1253 987 1290 erat,
1023 1248 1118 1291 quod
1151 1248 1244 1280 alius
1271 1247 1315 1279 ab
1341 1257 1380 1279 eo
1404 1251 1521 1289 posset
1547 1245 1717 1289 accipere.
1767 1245 1817 1278 Et

314 1311 437 1334 verum
464 1302 513 1332 est
539 1302 639 1339 certe,
668 1297 754 1340 quia
778 1298 874 1340 quod
899 1309 971 1331 non
997 1297 1120 1330 habuit
1146 1297 1236 1330 dare
1261 1307 1332 1328 non
1352 1295 1482 1338 potuit.
1539 1294 1816 1328 Damnationem

315 1348 435 1391 utique
461 1359 567 1391 quam
594 1346 718 1380 habuit
738 1358 806 1390 per
826 1358 983 1390 pravam
1007 1357 1136 1379 manus
1153 1344 1409 1388 impositionem
1433 1343 1542 1385 dedit,
1568 1348 1600 1377 et
1623 1343 1686 1387 qui
1697 1342 1817 1386 parti-

315 1409 394 1440 ceps
408 1397 535 1441 factus
563 1399 611 1429 est
641 1395 805 1428 damnati
829 1395 1001 1439 quomodo
1027 1395 1153 1429 debeat
1180 1395 1346 1427 honorem
1372 1393 1544 1436 accipere,
1568 1391 1727 1426 invenire
1743 1402 1817 1425 non

308 1464 469 1495 possum.
528 1440 648 1482 Haec
678 1447 791 1482 certe
822 1440 974 1482 scribit
1002 1439 1280 1482 Innocentius
1310 1443 1458 1480 contra
1486 1452 1573 1490 eos,
1614 1437 1689 1493 qui
1718 1442 1818 1479 sunt

316 1496 550 1549 eiusmodi,
581 1495 719 1552 qualis
749 1502 814 1539 est
843 1511 975 1553 supra
1004 1501 1264 1538 memoratus
1296 1493 1400 1537 Otto
1430 1493 1503 1536 vel
1533 1493 1772 1549 Hartvigus
1783 1493 1817 1546 b,

316 1554 391 1609 qui
421 1554 627 1596 terminos
656 1553 743 1594 anti
776 1567 854 1595 uos
883 1553 1136 1608 transgressi
1168 1556 1267 1593 sunt
1295 1565 1372 1606 per
1393 1555 1624 1606 usurpatae
1650 1549 1818 1595 ordina-

315 1610 444 1651 tionis
475 1623 691 1650 excessuS.
783 1625 804 1651 e
837 1609 992 1665 quibus
1023 1615 1064 1650 et
1087 1607 1320 1650 Callistus²
1349 1620 1465 1662 papa
1493 1604 1664 1648 scribit:
1696 1615 1817 1655 Quod-

315 1669 348 1702 si
372 1670 462 1712 quis,
499 1669 602 1701 etiam
633 1669 924 1711 metropolitanus
959 1669 1154 1711 episcopus,
1180 1667 1252 1700 ‘nisi
1276 1666 1372 1709 quod
1399 1666 1448 1699 ad
1472 1677 1576 1699 suam
1600 1664 1816 1699 solummodo

309 1718 464 1760 pertinet
493 1716 728 1759 parrochiam
756 1718 957 1760 propriam,
995 1717 1071 1750 sine
1106 1716 1248 1749 consilio
1283 1719 1315 1748 et
1342 1715 1520 1748 voluntate
1547 1714 1702 1748 omnium
1728 1725 1816 1747 com-

309 1765 586 1809 provincialium
621 1765 862 1809 episcoporum
896 1771 998 1799 extra
1030 1765 1169 1807 aliquid
1204 1775 1306 1807 ayere
1341 1763 1572 1806 temptaverit,
1595 1763 1734 1807 gradus
1759 1762 1818 1795 sui
1845 1807 1848 1810 Δ

310 1821 471 1864 periculo
498 1819 702 1861 subiacebit,
731 1824 762 1852 et
787 1820 883 1863 quod
909 1819 1017 1865 egerit
1042 1819 1183 1852 irritum
1210 1817 1397 1852 habebitur
1422 1822 1454 1851 et
1479 1829 1644 1852 vacuum.
1688 1807 1818 1849 quta

317 1865 433 1922 quod
453 1879 719 1921 consequens
750 1866 877 1906 etiam
900 1864 1161 1907 Caelestini⁸
1182 1863 1491 1907 testimonium:
1523 1871 1566 1906 Si
1588 1874 1818 1916 quaefactae

316 1936 410 1972 sunt,
445 1921 597 1977 inquit,
637 1930 878 1964 ordinationes
916 1931 1073 1970 illicitae,
1111 1935 1370 1970 removeantur,
1409 1928 1575 1972 quoniam
1613 1933 1708 1961 stare
1745 1939 1818 1961 non

310 1991 473 2028 possunt.
530 1976 587 2017 Et
626 1991 722 2018 cum
753 1977 875 2018 iuxta
911 1989 1143 2017 consonam
1183 1982 1428 2016 sanctorum
1463 1979 1633 2030 patrum
1663 1972 1819 2014 diffini-

316 2032 476 2074 tionem
507 2033 663 2088 dignus
700 2045 784 2072 non
823 2032 878 2074 sit
907 2031 975 2074 vel
1005 2031 1138 2073 sacris
1175 2029 1382 2073 altaribus
1421 2030 1720 2072 administrare
1749 2028 1819 2071 vel

320 2089 664 2131 communionem
696 2102 864 2144 capere,
903 2089 978 2144 qui
1016 2088 1154 2129 nescit
1189 2087 1322 2128 sacris
1352 2085 1589 2128 canonibus
1628 2083 1817 2140 obedire,

178 2155 300 2190 (xxw)
319 2151 633 2201 consequenter
653 2144 781 2186 etiam
811 2150 854 2186 et
874 2144 1107 2186 introducit
1132 2143 1379 2208 propositae
1409 2143 1591 2208 scriptor
1610 2141 1817 2198 epistolae

318 2206 467 2241 contra
496 2216 541 2243 se
572 2215 772 2257 suosque,
804 2201 877 2256 qui
915 2215 1002 2242 non
1033 2205 1131 2241 sunt
1160 2214 1205 2240 m
1234 2213 1536 2242 communione
1564 2197 1818 2240 universalis

318 2255 537 2310 ecclesiae,
568 2256 643 2298 sed
674 2257 718 2297 in
748 2264 871 2312 parte
902 2257 967 2298 sui
1000 2256 1214 2311 Gregorii,
1242 2254 1349 2297 illud
1376 2256 1510 2298 nostri
1545 2254 1680 2312 patris
1712 2253 1817 2297 Gre-

316 2313 453 2367 gorii4
482 2313 786 2365 testimonium,
829 2327 914 2369 quo
946 2313 1095 2355 scribit
1128 2312 1184 2354 ad
1215 2311 1477 2353 Maximum:
1521 2322 1605 2363 Nos,
1633 2311 1706 2364 ait,
1737 2333 1817 2356 oon-

317 2372 546 2406 secrationem
571 2372 686 2406 dicere
712 2373 809 2406 nullo
835 2373 937 2406 modo
958 2383 1160 2415 possumus,
1187 2382 1279 2414 quae
1306 2371 1349 2403 ab
1376 2369 1680 2404 excommunicatis
1706 2371 1815 2404 homi-

317 2421 420 2454 nibus
447 2427 497 2454 est
522 2421 707 2456 celebrata.
750 2421 845 2461 Quia
863 2433 943 2454 vero
970 2421 1045 2454 sine
1071 2421 1179 2453 ullius
1205 2420 1355 2462 emempli
1369 2420 1495 2462 forma
1512 2419 1656 2452 violasti
1680 2424 1816 2452 tantam

317 2470 506 2502 sacerdotii
541 2470 759 2513 dignitatem,
788 2469 1045 2512 praecipimus,
1080 2475 1119 2501 ut
1146 2474 1184 2501 tu
1219 2468 1507 2511 ordinatoresque
1533 2468 1586 2500 tui
1609 2468 1814 2502 nullatenus

318 2522 503 2551 attrectare
541 2517 730 2561 quicquam
756 2518 998 2560 praesumatis
1033 2517 1263 2550 sacerdotalis
1297 2517 1415 2560 officii,
1449 2527 1513 2550 nec
1547 2527 1656 2559 usque
1685 2516 1735 2550 ad
1758 2527 1814 2550 re·
1874 2530 1878 2532 ·

317 2565 486 2608 scriptum
519 2570 676 2599 nostrum
709 2567 758 2599 ad
784 2567 915 2599 cultum
939 2578 1001 2600 vos
1028 2566 1123 2599 sacri
1149 2566 1273 2598 altaris
1301 2565 1478 2598 accedere.
1532 2564 1667 2605 Quodn·
1691 2569 1815 2599 contra

317 2614 404 2647 haec
439 2626 542 2658 ayere
569 2614 894 2657 praesumpseritis,
929 2615 1117 2648 anathema
1151 2614 1248 2648 vobis
1283 2614 1328 2646 eit
1358 2626 1380 2646 a
1405 2614 1482 2647 Deo
1514 2618 1545 2647 et
1571 2614 1670 2648 beato
1696 2613 1814 2656 Petro,

318 2664 555 2706 apostolorum
587 2663 762 2706 principe,
803 2669 841 2696 ut
883 2663 1170 2706 contemplatione
1207 2661 1334 2696 iudicii
1372 2661 1479 2697 vestri
1517 2663 1637 2697 ceteris
1674 2674 1814 2707 quoque

320 2779 350 2812 a)
374 2779 467 2805 oedos
490 2780 516 2805 1.
598 2778 630 2812 b)
652 2780 840 2811 Hartvingus
865 2782 892 2806 1.

323 2885 359 2929 1)
388 2887 582 2920 Hinschius
604 2898 639 2930 p.
659 2886 740 2918 550.
830 2885 869 2928 2)
897 2887 1010 2929 Epist.
1039 2886 1171 2919 Calixti
1197 2886 1356 2919 secunda
1383 2897 1413 2919 c.
1435 2887 1491 2919 13.
1520 2897 1576 2930 ap.
1603 2858 1827 2918 Hinschium'
1864 2875 1878 2894 ⁵

319 2947 355 2978 p.
382 2936 463 2968 139.
563 2936 600 2978 3)
628 2935 723 2967 Ibid.
756 2946 789 2978 p.
819 2935 901 2968 560.
1002 2936 1038 2977 4)
1067 2935 1231 2978 Gregorii
1257 2935 1443 2978 Epistulae
1469 2936 1532 2977 IV,
1560 2935 1618 2968 20.
