1878 3308
274 270 328 302 VI
886 265 1170 298 PRAEFATIO.

279 387 434 434 statur,
475 380 706 423 seditiones
746 384 783 418 et
821 377 1072 420 discordias
1109 376 1232 431 tollit,
1262 393 1418 434 pacem
1454 380 1695 435 praedicat
1737 386 1777 423 et

280 437 477 479 studium
525 435 722 477 veritatis
773 434 938 476 adserit
988 440 1115 490 atque
1165 435 1314 476 omnia
1362 435 1467 478 haec
1516 435 1771 494 evangelica

279 494 482 536 doctrina
513 497 549 533 et
582 489 876 545 apostolorum
908 505 959 531 ac
984 490 1304 545 prophetarum
1320 490 1460 546 fulcit
1488 493 1773 535 testimoniis’.

283 548 375 597 Quo
416 547 496 589 tali
533 549 693 602 scripto
733 561 829 588 cum
866 561 944 588 suo
984 547 1081 588 iure
1111 545 1330 588 Huttenus
1367 554 1574 602 speraret,
1591 549 1696 604 fore
1725 554 1774 590 ut

276 604 437 647 multae
467 605 622 645 inanes
650 602 845 658 fabulae
884 603 936 644 de
974 603 1236 644 auctoritate
1267 617 1420 658 papae
1439 603 1574 658 fictae
1607 603 1773 661 refelle·
1837 606 1839 608 ’

277 666 443 710 rentur,
482 665 530 700 ut
569 660 708 700 virtus
747 658 933 700 Henrici
961 658 1040 711 IV,
1079 672 1191 713 quae
1228 659 1458 715 incoynita
1496 661 1703 703 iacuisset
1736 667 1775 702 et

280 716 333 758 ab
355 716 525 757 Italicis
557 713 846 770 scriptoribus
877 714 1112 757 obscurata
1142 721 1257 767 esset,
1289 729 1309 755 e
1338 715 1524 758 tenebris
1553 717 1614 758 ad
1636 716 1774 759 lucem

277 777 566 823 revocaretur,
606 777 653 811 ut
690 771 928 823 doceretur,
958 785 1164 826 pugnam
1205 776 1358 812 contra
1378 786 1554 826 papam
1587 773 1636 814 i‘n
1667 771 1773 815 Ger-

277 829 429 870 mania
460 827 573 869 nihil
602 829 702 868 novi
730 826 979 868 inauditive
1009 841 1109 879 esse,
1141 828 1361 868 constituit
1390 827 1506 869 hunc
1534 827 1691 870 librum
1721 830 1771 871 in

277 884 413 925 lucem
450 882 574 924 edere
614 896 792 938 eumque
822 883 941 939 typis
973 882 1304 924 exscribendum
1341 884 1572 926 mandavit
1609 884 1775 927 Ioanni

279 939 495 995 Scheffero
528 939 805 994 Moquntino.
852 939 1005 994 Itaque
1037 954 1155 980 anno
1191 939 1313 980 1520.
1343 940 1391 980 in
1420 939 1556 982 lucem
1593 941 1774 982 emissus

279 1002 339 1037 est
359 1011 454 1037 cum
475 994 615 1036 titulo:
638 994 719 1036 ‘De
740 994 908 1036 unitate
928 994 1130 1036 ecclesiae
1151 995 1455 1037 conservanda
1471 1002 1510 1037 et
1529 996 1773 1050 schismate,

279 1052 394 1108 quod
402 1051 501 1106 fuit
528 1051 644 1092 inter
667 1050 933 1092 Henrichum
955 1051 986 1092 I
990 1051 1030 1092 V.
1057 1052 1162 1105 imp.
1194 1057 1232 1091 et
1253 1049 1514 1106 Greqorium
1535 1052 1626 1094 VII.
1647 1052 1772 1098 Pont.

278 1107 402 1149 Maoe.
434 1107 664 1148 cuiusdam
685 1108 778 1148 eius
799 1108 1005 1162 temporis
1024 1106 1143 1160 liber,
1173 1108 1218 1148 in
1247 1108 1540 1149 vetustissima
1559 1107 1773 1151 Fuldensi

278 1163 533 1205 bibliotheca
572 1162 625 1204 ab
666 1162 855 1204 Hutteno
892 1164 1095 1205 inventus
1135 1164 1301 1219 nuper’.
1360 1163 1418 1204 At
1447 1178 1499 1205 ue
1543 1179 1640 1206 cum
1682 1164 1773 1207 illis

280 1220 414 1260 annis
456 1234 526 1260 res
570 1233 725 1260 sacrae
768 1219 1090 1260 restaurandae
1128 1225 1378 1275 aqerentur,
1466 1225 1637 1262 uttenus
1676 1230 1772 1262 eum

277 1274 436 1317 librum
473 1275 533 1316 ad
571 1274 908 1316 Ferdinandum
945 1275 1194 1330 principem
1231 1275 1362 1328 misit,
1387 1274 1583 1330 fratrem
1624 1275 1774 1319 Caroli

277 1331 571 1387 imperatoris,
611 1332 718 1386 quia
749 1331 966 1386 sperabat,
983 1331 1092 1386 fore
1132 1337 1180 1372 ut
1216 1333 1440 1373 sententiis
1479 1333 1527 1374 in
1557 1332 1634 1374 illo
1661 1332 1771 1374 libro

278 1388 487 1442 eaepositis
511 1393 851 1441 permoveretur,
889 1402 941 1428 ne
969 1388 1183 1429 resisteret
1211 1402 1373 1429 causae
1403 1387 1772 1443 Ref'ormatorum.

286 1451 288 1453 '
390 1443 517 1484 Liber
567 1449 710 1484 autem
753 1444 1084 1498 manuscriptus
1132 1458 1220 1485 non
1268 1445 1360 1485 iam
1409 1449 1571 1494 exstat,
1621 1458 1671 1486 ac
1719 1459 1773 1487 ne

278 1499 505 1554 vesti-oium
574 1499 718 1540 uidem
757 1505 904 1552 restat,
943 1515 963 1540 e
993 1514 1076 1555 quo
1108 1514 1167 1553 ap
1205 1505 1340 1552 areat,
1372 1514 1456 1555 quo
1486 1514 1539 1541 ex
1566 1499 1773 1542 manibus

280 1554 462 1595 Hutteni
486 1555 538 1595 de
559 1561 656 1594 atus
680 1555 745 1597 sit.
796 1554 1062 1610 Nuperrime
1089 1555 1154 1596 Wi
1169 1563 1320 1596 mans¹
1351 1561 1534 1597 conatus
1559 1562 1619 1597 est
1646 1556 1770 1597 vesti·

278 1610 358 1664 9ia
387 1609 508 1650 illius
536 1610 740 1664 reperire,
772 1610 848 1651 sed
862 1609 1060 1665 frustra.
1104 1611 1243 1665 Atque
1292 1625 1528 1667 uamquam
1557 1610 1773 1654 bibliothe-

279 1680 374 1706 cam
405 1665 587 1706 Hutteni
611 1671 711 1719 post
740 1666 832 1707 eius
860 1672 1033 1707 mortem
1062 1666 1245 1707 Eichsta
1279 1667 1368 1708 ium
1398 1666 1661 1709 translatam
1684 1681 1772 1710 esse

280 1719 493 1762 Strauss²
531 1722 757 1776 opinatur,
796 1727 938 1763 tamen
969 1722 1017 1763 in
1047 1721 1166 1763 nullo
1201 1722 1346 1764 indice
1375 1722 1584 1765 librorum
1614 1738 1770 1765 manu-

279 1776 542 1831 scriptorum
578 1778 672 1818 eius
711 1776 986 1819 bibliothecae
1020 1778 1247 1833 vestiyium
1280 1777 1386 1819 libri
1414 1779 1548 1820 huius
1576 1780 1773 1821 inveniri

272 1837 424 1887 potest.
470 1831 596 1879 Quod
617 1833 834 1874 Huttenus
855 1833 1070 1889 deforma
1102 1848 1154 1874 ac
1175 1840 1342 1875 natura
1362 1834 1524 1876 codicis
1546 1835 1661 1877 dimit
1679 1835 1772 1877 ianm

279 1902 421 1942 supra
441 1890 781 1930 commemoravi.
811 1888 931 1931 Num
948 1895 1088 1931 autem
1098 1896 1280 1943 praeter
1299 1890 1488 1932 codicem
1510 1890 1563 1932 ab
1581 1890 1771 1933 Hutteno

278 1944 328 1985 in
357 1943 611 1985 bibliotheca
639 1944 851 1986 Fuldensi
888 1951 1106 2000 repertum
1137 1944 1246 1987 alter
1285 1946 1419 1987 codeoe
1450 1946 1615 1988 alicubi
1644 1948 1772 1988 eaesti·

277 2001 388 2052 terit,
420 2000 599 2041 dubium
628 2006 700 2042 est.
759 2001 807 2041 P.
838 2001 996 2042 Ewald
1030 2002 1080 2043 in
1110 2002 1414 2043 dissertatione
1449 2017 1533 2044 sua
1570 2002 1622 2044 de
1660 2003 1772 2045 Wal-

279 2061 419 2097 tramo
440 2055 770 2112 Numburyensi
792 2071 840 2112 p.
867 2057 1043 2099 12-18.
1075 2055 1176 2110 vult,
1208 2056 1474 2100 Aventinum
1505 2058 1566 2099 ad
1586 2058 1772 2101 annales

282 2111 439 2153 Boicos
483 2112 815 2154 conscribendos
859 2113 1005 2155 codice
1053 2119 1215 2166 nostro,
1261 2129 1383 2170 quem
1425 2115 1475 2156 in
1519 2114 1773 2157 bibliotheca

280 2165 344 2208 St.
365 2167 631 2209 Emmerami
658 2170 936 2223 repperisset,
966 2184 1092 2212 usum
1122 2183 1224 2211 esse.
1273 2169 1414 2225 Atque
1443 2170 1616 2226 quidem
1643 2185 1774 2212 usum

278 2237 366 2264 esse
396 2238 491 2264 eum
522 2229 669 2265 nostro
699 2224 808 2265 libro
838 2226 999 2280 neqari
1027 2240 1116 2266 non
1139 2230 1293 2280 potest,
1328 2241 1427 2266 cum
1457 2224 1614 2280 afferat
1642 2226 1773 2268 verba

280 2279 494 2334 quaedam
524 2294 545 2319 e
575 2281 716 2334 capite
746 2280 810 2321 19.
841 2280 945 2321 libri
973 2280 1034 2322 II.
1065 2286 1240 2335 sumpta
1270 2286 1308 2321 et
1337 2296 1433 2322 cum
1463 2281 1651 2336 quodam
1679 2281 1771 2323 loco

278 2337 458 2376 eundem
486 2349 631 2376 rerum
653 2335 1039 2377 describendarum
1060 2336 1257 2378 ordinem
1286 2342 1511 2391 sequatur,
1542 2337 1620 2393 qui
1647 2336 1774 2379 nobis

279 2405 377 2444 cap.
399 2389 466 2431 ⁶28.
498 2392 687 2432 occurrit
695 2406 712 2445 ,·
743 2391 819 2432 sed
839 2392 915 2433 hoc
935 2406 1102 2446 semper
1131 2392 1310 2433 dubium
1340 2393 1435 2444 erit,
1467 2407 1526 2433 an
1546 2391 1772 2435 editionem

281 2445 463 2486 Hutteni
491 2447 610 2501 typis
639 2448 904 2501 eac-scriptam
933 2447 982 2488 in
1013 2447 1216 2489 manibus
1246 2447 1458 2489 habuerit.
1522 2446 1644 2496 Quae
1673 2463 1772 2491 cum

280 2515 421 2542 mense
451 2501 616 2544 Martio
658 2504 771 2544 anni
807 2502 928 2545 1520.
969 2505 1087 2560 typis
1125 2505 1348 2559 exscripta
1377 2505 1434 2545 sit
1462 2518 1597 2560 neque
1632 2504 1773 2546 Aven-

280 2556 399 2597 tinus
440 2563 538 2597 ante
576 2557 737 2599 Iulium
771 2574 956 2600 mensem
998 2560 1112 2601 anni
1151 2560 1272 2601 1521.
1313 2560 1503 2615 quinque
1543 2560 1773 2615 prioribus

282 2613 425 2667 operis
446 2614 518 2654 sui
536 2612 661 2654 libris
681 2620 913 2656 extremam
933 2630 1111 2657 manum
1131 2616 1400 2670 imposuerit,
1417 2630 1505 2657 non
1527 2617 1773 2659 necessario

278 2668 487 2723 sequitur,
523 2674 570 2710 ut
604 2670 821 2711 Aventino
856 2671 986 2713 editio
1018 2671 1200 2712 Hutteni
1241 2672 1395 2727 iynota
1417 2671 1577 2726 fuerit.
1649 2670 1772 2720 Quas

280 2723 398 2765 alias
443 2739 603 2766 causas
651 2725 809 2767 Ewald
857 2728 906 2768 in
955 2727 1259 2768 dissertatione
1309 2742 1391 2769 sua
1435 2724 1574 2783 affert,
1617 2727 1776 2784 quibus

282 2848 319 2891 1)
341 2850 423 2931 38284.
452 2851 544 2932 3X2161,
578 2851 666 2893 1483
707 2852 752 2885 cf.
795 2852 962 2896 Bocking
996 2853 1026 2886 Ι.
1065 2853 1139 2887 ind.
1178 2865 1213 2898 p.
1249 2853 1307 2889 48.
1442 2855 1480 2897 2)
1525 2853 1684 2888 ‘Hutten’
1720 2853 1775 2895 11,

278 2910 314 2943 p.
417 2924 426 2933 .
528 2924 536 2933 .
