1950 3328
605 837 1190 894 PRAEFATIO.

247 954 463 1012 Exeunte
483 984 604 1012 awno
624 971 744 1013 1519.
779 971 954 1015 Ulricus
971 973 1186 1016 Huttenus
1206 975 1255 1016 in
1275 973 1530 1018 bibliotheca
1544 976 1647 1019 Ful—

148 1029 276 1073 amsi
302 1027 463 1071 librum
487 1028 705 1084 quendam
724 1031 1076 1086 manuscriptum
1094 1032 1302 1086 repperit,
1323 1046 1460 1087 quem,
1485 1038 1533 1074 ut
1550 1041 1647 1075 erat

143 1083 404 1140 pulveribus
423 1083 585 1126 obsitus
605 1090 643 1126 et
662 1087 962 1128 vetustissimis
982 1087 1310 1129 characteribus
1330 1089 1605 1144 conscriptus
1615 1098 1646 1143 ¹,

151 1146 254 1184 ante
282 1139 438 1182 multos
468 1155 611 1183 annos
641 1141 725 1183 huc
754 1141 944 1185 delatum
974 1149 1012 1185 et
1041 1143 1229 1186 Henrici
1256 1143 1335 1186 IV.
1365 1145 1646 1200 imperatoris

150 1202 292 1241 aetate
328 1202 523 1238 exortum
565 1211 667 1250 esse,
707 1195 898 1241 celeriter
939 1200 1154 1255 cognovit.
1217 1198 1311 1248 Quo
1355 1199 1465 1242 libro
1502 1200 1644 1256 paulo

150 1253 406 1297 accuratius
435 1253 653 1295 Huttenus
676 1253 867 1308 perlecto
897 1270 994 1297 cum
1008 1253 1154 1309 facile
1182 1253 1472 1308 intelleoeisset,
1503 1258 1643 1312 scrip-

147 1315 240 1352 tum
278 1322 369 1351 esse
411 1323 509 1350 eum
540 1324 626 1364 pro
658 1309 849 1353 Henrico
879 1310 956 1352 IV.
996 1317 1035 1352 et
1071 1317 1226 1352 contra
1256 1310 1520 1367 Gregorium
1552 1312 1644 1357 VII.

143 1379 333 1463 papam,
375 1379 536 1406 summo
579 1365 749 1420 gaudio
795 1365 973 1421 affectus
1021 1366 1255 1421 epistulam
1299 1368 1417 1408 misit
1465 1367 1517 1410 de
1566 1368 1644 1410 hoc

150 1435 208 1463 no
235 1419 289 1463 ili
315 1421 490 1462 invento
521 1420 582 1461 ad
610 1420 843 1463 Eobanum
863 1421 1050 1463 Hessum
1061 1429 1090 1463 ².
1140 1421 1220 1463 Ille
1250 1428 1392 1464 autem
1422 1422 1530 1465 liber
1549 1426 1644 1466 sine

149 1475 288 1530 titulo,
326 1477 419 1518 sine
443 1475 728 1532 praefatione
766 1483 817 1530 et,
851 1477 901 1519 id
939 1477 1056 1534 quod
1090 1480 1278 1521 maaeime
1312 1477 1518 1532 dolemus,
1548 1481 1644 1522 siue

138 1531 237 1587 fine
266 1538 373 1585 erat,
405 1533 532 1574 cuius
560 1533 609 1574 in
628 1532 785 1587 fronte
815 1548 952 1588 neque
983 1534 1091 1589 quid
1118 1535 1355 1576 contineret
1383 1549 1437 1576 ne
1468 1550 1523 1576 ue
1558 1550 1644 1591 quo

149 1594 327 1631 auctore
346 1588 621 1644 conscriptus
640 1594 758 1641 esset,
788 1588 924 1631 ullum
943 1589 1160 1631 indicium
1181 1596 1287 1631 erat.
1327 1549 1645 1644 Nihilominus,

147 1659 246 1687 cum
274 1643 401 1686 multi
431 1642 515 1686 alii
542 1643 647 1686 libri
675 1651 830 1686 contra
853 1643 1116 1701 Greyorium
1132 1645 1222 1688 VII.
1253 1646 1410 1701 scripti
1438 1661 1465 1688 a
1491 1662 1645 1689 mona-

147 1700 243 1744 chis
269 1699 631 1744 Cluniacensibus
662 1700 910 1743 delerentur
942 1707 980 1742 et
1010 1700 1077 1743 illi
1104 1702 1196 1757 ipsi
1225 1702 1432 1758 ‘quinque
1462 1702 1566 1745 libri
1594 1703 1645 1746 de

147 1758 242 1800 vita
261 1756 490 1798 Henrichi'
516 1756 569 1798 ab
594 1756 783 1799 Hutteno
812 1757 1004 1799 inventi³
1034 1758 1275 1811 interirent,
1307 1758 1426 1814 quod
1454 1760 1644 1802 secundo

147 1827 258 1856 casu
273 1811 493 1868 fortunae
523 1812 593 1854 hic
617 1814 898 1867 potissimum
934 1812 1044 1855 liber
1073 1813 1197 1855 ‘nobis
1226 1819 1423 1856 servatus
1452 1820 1524 1868 est,
1564 1830 1645 1857 nos

147 1869 338 1911 maxime
364 1868 622 1934 gaudemus.
667 1867 757 1916 Qui
784 1867 892 1910 liber
911 1874 1058 1911 utrum
1089 1869 1142 1910 ab
1173 1875 1349 1911 auctore
1377 1870 1474 1925 ipso
1503 1872 1595 1913 scri
1629 1896 1645 1903 -

147 1930 219 1967 tus
243 1922 392 1980 fuerit
431 1939 492 1965 an
521 1922 746 1978 eaeemplar
762 1925 911 1980 fuerit
939 1925 1219 1980 descriptum,
1249 1925 1428 1967 dubium
1458 1932 1531 1968 est.
1615 1927 1646 1969 d

150 1985 296 2023 autem
332 1979 565 2022 verisimile
603 1986 675 2031 est,
719 1995 812 2022 eum
847 1978 988 2045 paulo
1020 1986 1258 2036 postquam
1291 1982 1341 2022 in
1377 1981 1513 2023 lucem
1551 1981 1643 2024 edi·

147 2041 219 2078 tus
266 2035 324 2078 sit
372 2034 426 2077 ab
476 2034 580 2077 aliis
622 2034 792 2077 clericis
841 2050 892 2077 in
942 2035 1216 2090 eoeemplaria
1256 2036 1506 2078 traductum
1554 2051 1644 2079 esse

148 2096 189 2134 et
229 2089 505 2146 exemplaria
547 2091 595 2131 in
640 2090 798 2146 vulqus
840 2105 1080 2134 emanasse.
1152 2091 1271 2133 Nam
1315 2106 1412 2134 cum
1455 2093 1646 2148 scriptor

146 2145 261 2190 libro
303 2161 382 2189 suo
428 2152 652 2202 puqnaret
695 2153 849 2188 contra
880 2162 1055 2202 papam
1096 2153 1135 2187 et
1172 2147 1406 2190 monachos
1450 2147 1643 2191 Hirsau-

147 2203 334 2260 yiemes,
371 2203 619 2244 necessario
658 2203 707 2245 id
739 2204 833 2244 eius
866 2202 1083 2257 interfuit,
1121 2208 1168 2244 ut
1198 2203 1367 2245 animos
1407 2202 1644 2247 Germano-

146 2273 248 2301 rum
271 2264 311 2300 et
329 2272 493 2301 causae
522 2259 579 2299 im
615 2259 802 2301 cratoris
830 2258 1084 2301 conciliaret
1113 2265 1151 2299 et
1178 2259 1280 2301 odio
1301 2265 1456 2301 contra
1469 2274 1644 2315 papam

145 2314 406 2358 incenderet.
469 2273 728 2368 Quofflem·
762 2329 851 2357 non
883 2316 1029 2370 potuit
1067 2315 1159 2357 ‘nisi
1202 2330 1333 2371 quam
1375 2317 1563 2359 maxime
1606 2321 1645 2358 et

146 2384 279 2426 quam
316 2369 534 2413 celerrime
575 2368 688 2412 libro
732 2370 922 2427 mdqato.
982 2371 1103 2427 Erqo
1147 2371 1189 2412 si
1226 2369 1335 2412 liber
1374 2386 1496 2426 quem
1537 2371 1644 2415 Hut·

145 2431 270 2469 tenus
313 2442 339 2468 r
390 2426 508 2482 perit
551 2441 639 2469 non
685 2426 738 2468 ab
784 2432 958 2469 auctore
1001 2428 1097 2482 ipso
1136 2428 1329 2482 scriptus
1373 2432 1489 2479 erat,
1535 2433 1644 2470 certe

145 2488 288 2525 tamen
319 2441 392 2525 υἰῗ
411 2488 592 2524 eaeeunte
621 2482 795 2525 saeculo
824 2482 900 2524 XI.
930 2482 995 2524 vel
1022 2484 1199 2525 ineunte
1227 2481 1400 2524 saeculo
1429 2482 1531 2524 XH.
1569 2483 1641 2525 de-

144 2538 339 2594 scriptus
369 2544 475 2580 erat.
524 2538 620 2580 Iam
640 2552 741 2580 vero
770 2538 823 2580 de
843 2553 932 2595 qua
952 2553 1000 2581 re
1028 2539 1077 2581 in
1106 2553 1153 2581 eo
1184 2544 1362 2595 aqatur,
1395 2538 1642 2581 Huttenus⁴

146 2593 243 2648 ipse
280 2593 350 2636 his
388 2593 528 2635 verbis
567 2594 710 2636 docet:
750 2594 844 2635 ‘Est
872 2595 986 2637 enim
1027 2595 1080 2637 de
1110 2595 1277 2636 unitate
1305 2593 1508 2636 ecclesiae
1538 2610 1639 2637 con-

146 2649 383 2702 servanda,
413 2649 465 2691 de
485 2648 630 2704 officio
661 2649 766 2692 boni
778 2652 991 2705 pastoris,
1022 2650 1074 2692 de
1095 2650 1357 2693 authoritate
1376 2648 1642 2692 sacerdotali

146 2709 186 2746 et
213 2704 390 2759 imperii
407 2704 601 2748 Romani
620 2705 837 2762 dignitate
866 2706 1140 2761 conscriptus
1149 2721 1165 2759 ,·
1195 2712 1283 2747 tum
1312 2706 1501 2748 schisma
1531 2705 1639 2748 dete-

152 2830 189 2872 1)
215 2829 393 2863 Praefatio
411 2829 561 2863 Humani
586 2841 622 2875 p.
638 2830 673 2864 2.
748 2830 786 2873 2)
815 2830 991 2875 Biicking,
1019 2832 1139 2876 open
1156 2830 1269 2864 Uir-ici
1288 2831 1437 2866 Hutteni
1459 2832 1488 2871 1,
1503 2843 1536 2875 p.
1556 2831 1643 2864 31³.

150 2878 190 2920 8)
217 2878 397 2912 Praefatio
423 2889 457 2922 p.
484 2878 518 2911 9.
617 2879 657 2922 4)
683 2879 822 2913 Ibidem
850 2891 884 2924 p.
911 2880 945 2913 ².
