1878 3308
335 268 405 300 134
587 266 653 299 DE
678 265 889 299 UNITATE
916 264 1189 299 ECCLESIAE
1217 264 1585 299 CONSERVANDA.

843 338 861 355 0

333 395 442 433 eam,
478 379 631 436 inquit,
673 377 1032 434 quemadmodum
1061 377 1190 434 vulqo
1221 379 1415 432 imperiti
1444 377 1483 420 lo
1516 384 1695 430 uuntur,
1724 392 1823 419 eon·

335 436 606 479 suetudinem
644 436 854 477 sermonis
893 434 1053 476 vocabo
1094 449 1349 476 consensum
1388 449 1466 476 eru
1498 435 1671 486 itorum,
1713 434 1827 475 sieut

333 492 511 535 vivendi
535 506 790 534 consensum
814 492 1036 534 bonorum.
1082 489 1196 532 Hinc
1226 495 1269 532 et
1289 487 1477 531 Tullius1
1508 490 1552 532 in
1582 489 1826 532 rhetoricis:

338 549 626 602 Consuetudo,
656 548 727 601 ait,
758 549 831 589 ius
861 553 922 589 est
953 547 1112 603 absque
1141 545 1245 602 leye,
1277 546 1354 588 hoc
1375 552 1434 587 est
1465 546 1623 602 absque
1651 547 1825 601 scripto,

364 606 445 647 uia
482 605 551 647 lex
591 605 755 647 dicitur
794 620 823 646 a
858 603 1052 668 legendo,
1111 602 1284 658 Moyses
1323 616 1423 644 vero
1460 601 1623 658 primus
1659 601 1826 644 divinas

331 621 452 716 feges
481 661 613 703 sacris
642 659 775 702 literis
796 659 1005 716 explicuit
1034 664 1075 701 et
1097 657 1257 715 populo
1289 657 1374 700 Dei
1403 657 1717 700 conservandas
1743 664 1827 700 tra·

331 717 490 771 didit⁸;
533 732 634 758 nam
673 731 798 759 omne
842 717 908 758 ius
950 714 1121 771 legibus
1163 719 1328 756 constat
1370 720 1412 756 et
1453 714 1659 757 moribus.
1728 713 1828 767 Sed,

332 774 444 817 sicut
481 773 672 815 Isidorus
708 773 968 829 episcopus²
1006 771 1153 814 scribit
1189 772 1234 812 in
1276 769 1396 813 libris
1432 769 1826 826 Etymologiarum:

333 833 412 867 Lex
449 839 499 866 est
537 832 731 867 constitutio
771 832 915 876 scripta,
959 837 990 866 et
1029 844 1100 865 mos
1139 836 1189 866 est
1223 834 1392 864 vetustate
1424 830 1577 873 probata
1615 830 1827 864 consuetudo

334 899 405 921 non
443 887 649 931 omum-ipta.
711 877 936 920 Plenitudo
976 885 1119 919 autem
1156 876 1263 932 legis
1303 883 1368 918 est
1403 877 1572 929 caritas,
1613 876 1716 932 quia
1751 889 1829 931 per

336 933 514 976 Sacram
570 934 838 990 Scripturam
891 934 1112 990 cognoscit
1164 932 1316 986 homo,
1371 931 1476 988 quid
1520 932 1574 974 sit
1621 938 1664 974 et
1712 930 1827 973 unde

335 990 391 1032 sit
434 996 476 1032 et
519 991 734 1046 quomodo
779 991 834 1032 sit
876 996 918 1032 et
959 989 1015 1032 ad
1059 988 1163 1046 quid
1201 987 1270 1031 vel
1312 1002 1397 1045 quo
1442 994 1723 1044 perventurus
1758 987 1826 1030 sit.

336 1045 572 1101 Cognoscit
610 1046 738 1089 etiam
776 1060 855 1103 per
894 1046 1052 1088 Sacrae
1083 1045 1328 1101 Scripturae
1365 1045 1589 1087 scientiam
1618 1043 1830 1087 beneficia

334 1102 433 1156 Dei,
462 1103 645 1158 gratiam
677 1103 773 1156 Dei,
805 1103 918 1145 dona
945 1102 1044 1155 Dei,
1073 1107 1121 1144 ut
1149 1100 1327 1158 perinde
1362 1101 1499 1157 possit
1537 1099 1704 1143 debitas
1733 1114 1829 1156 gra-

335 1159 489 1201 tiarum
527 1159 719 1202 actiones
753 1159 909 1202 referre
942 1173 1019 1201 suo
1051 1157 1256 1210 Creatori,
1288 1172 1365 1199 suo
1395 1156 1672 1213 Redemptori
1700 1163 1849 1213 atque-

337 1213 561 1257 salvatori.
610 1215 735 1259 Unde
765 1222 808 1258 et
835 1216 932 1271 ipsa
960 1215 1047 1257 Dei
1076 1214 1286 1270 sapientia
1314 1212 1503 1270 loquitur
1563 1228 1608 1255 er
1638 1211 1828 1255 Solomo-

146 1290 321 1326 Sap.3,11.
335 1286 454 1314 nem:
486 1271 778 1329 Sapientiam,
803 1272 1014 1328 inquiens,
1043 1278 1081 1313 et
1102 1271 1385 1326 disciplinam
1406 1271 1482 1326 qui
1503 1285 1531 1311 a
1558 1270 1648 1323 icit,
1668 1269 1829 1325 infeliae

335 1335 408 1382 est,
436 1334 475 1369 et
495 1344 638 1370 vacua
658 1335 718 1370 est
737 1343 837 1384 spes
861 1328 1035 1370 illorum
1064 1328 1113 1369 in
1128 1333 1406 1382 perpetuum,
1436 1332 1474 1368 et
1494 1324 1663 1367 labores
1682 1340 1829 1367 eorum

335 1387 429 1427 sine
446 1383 623 1439 fructu,
653 1391 691 1426 et
727 1384 976 1427 inhabiliab
1009 1390 1111 1426 sunt
1141 1398 1275 1438 opera
1313 1382 1500 1425 illorum.
1560 1381 1681 1424 Sicut
1715 1381 1829 1423 enim

335 1441 483 1483 scribit
499 1447 669 1483 sanctus
686 1441 955 1497 Augustinus
965 1447 995 1494 ⁸,
1015 1440 1137 1482 Deus
1156 1438 1364 1481 mundum
1385 1445 1560 1495 propter
1581 1438 1833 1480 exercitium

334 1497 436 1539 fecit
472 1503 515 1539 et
544 1496 742 1539 omnibus
778 1497 915 1553 copiis
950 1496 1203 1549 honestavit,
1241 1495 1348 1537 duas
1385 1509 1629 1551 proponens
1665 1507 1831 1547 causas,

335 1558 604 1609 praesentem
633 1562 676 1596 et
704 1553 905 1607 futuram,
936 1551 1161 1595 caelestem
1192 1557 1236 1594 et
1263 1557 1488 1604 terrenam,
1517 1555 1566 1592 ut
1593 1550 1648 1592 ad
1678 1548 1831 1606 proba-

335 1611 495 1651 tionem
533 1616 675 1652 essent
709 1610 946 1662 hominum,
978 1615 1037 1662 ut,
1067 1609 1140 1665 qui
1171 1613 1316 1664 spreta
1343 1607 1488 1649 futura
1517 1607 1606 1649 vita
1634 1621 1831 1663 praesen-

335 1672 423 1707 tem
453 1665 642 1722 eligeret,
679 1667 798 1708 carni
827 1666 1117 1722 deputaretur,
1155 1665 1230 1720 qui
1266 1678 1369 1706 vero
1398 1662 1615 1719 praesenti
1643 1662 1829 1705 futuram

336 1728 632 1778 anteponeret,
678 1721 940 1779 spiritalibus
983 1721 1140 1776 dignus
1185 1720 1425 1763 haberetur.
1506 1718 1593 1762 Sed
1640 1716 1831 1760 carnales

336 1778 510 1820 delicias
541 1778 835 1835 spiritualibus
865 1776 1123 1834 praeferunt,
1163 1777 1236 1832 qui
1271 1774 1462 1817 naturale
1490 1774 1713 1831 ingenium
1744 1774 1853 1817 otio·

337 1840 379 1877 et
429 1834 596 1876 desidia
646 1841 890 1892 torpescere
945 1834 1109 1886 sinunt,
1165 1833 1240 1888 qui
1294 1832 1422 1874 etiam
1474 1829 1697 1887 euangelio
1745 1830 1831 1872 Dei

117 1896 227 1924 Matth.
238 1895 322 1929 ²3›⁵·
337 1896 513 1947 propter
550 1905 647 1933 suas
684 1891 936 1933 traditiones
975 1904 1062 1931 non
1101 1888 1353 1932 obaudiunt.
1411 1887 1642 1940 Attendite,
1678 1887 1831 1943 inquit,

140 1935 314 1969 ¹¹⁰⁰'¹²’¹'
339 1963 368 1989 a
384 1947 603 2001 fermento
635 1948 989 1999 Pharisaeorum,
1021 1945 1137 2002 quod
1165 1951 1226 1987 est
1255 1945 1513 2001 hypocrisis,
1544 1945 1621 1999 qui
1640 1943 1832 1986 dilatant

162 2000 323 2066 ΟἳοΜῗῐοὼ·
332 2004 614 2060 phylacteria
643 2020 729 2046 sua
757 2010 795 2046 et
823 2002 1114 2059 maynificant
1131 2001 1360 2055 fimbrias,·
1391 2006 1449 2042 et:
1479 2000 1547 2042 Ne
1575 2000 1832 2042 induamini

228 2059 235 2074 ’
291 2058 299 2067 ⁹
338 2060 511 2102 duabus
548 2062 724 2114 tunicis,
763 2060 865 2116 quia
900 2060 968 2101 vir
1005 2056 1166 2114 duplex
1210 2057 1353 2098 animo
1397 2057 1642 2098 inconstans
1680 2061 1744 2098 est
1785 2055 1831 2097 in

214 2104 324 2175 {⁵0²2}ss
338 2117 538 2159 omnibus
583 2116 665 2158 viis
709 2116 808 2158 suis.
869 2115 1065 2158 Christus
1103 2127 1203 2156 vero
1248 2112 1564 2169 simplicitatem
1609 2110 1831 2154 columbae

336 2187 415 2215 nos
456 2171 614 2215 habere
654 2173 812 2225 docuit,
850 2172 925 2228 qui
960 2170 1192 2226 gloriosam
1231 2168 1453 2212 ecclesiam
1487 2183 1574 2210 non
1603 2167 1832 2211 habentem

147 2238 226 2271 Eph-
238 2238 323 2273 5‚2⁷.
336 2228 548 2271 maculam
578 2235 652 2271 aut
670 2243 822 2284 rugam
844 2227 926 2270 sibi
956 2226 1166 2278 exhibuit,
1195 2225 1241 2267 id
1261 2231 1339 2279 est,
1369 2239 1478 2282 quae
1506 2240 1585 2281 per
1604 2230 1831 2281 peccatum

335 2300 422 2327 non
453 2285 609 2327 habeat
637 2284 849 2327 maculam
877 2284 946 2326 vel
975 2297 1052 2339 per
1082 2281 1378 2338 duplicitatem
1407 2295 1571 2336 rugam.
1632 2279 1758 2323 Unde
1788 2287 1830 2322 et

338 2341 583 2398 Cyprianus
624 2343 880 2398 episcopus⁴
909 2338 1135 2381 ostendens
1169 2339 1213 2379 in
1242 2337 1351 2379 libro
1381 2337 1434 2379 de
1464 2337 1625 2379 unitate
1655 2335 1830 2378 catholi-

338 2412 412 2440 cae
442 2397 664 2450 ecclesiae,
693 2398 850 2439 iccirco
882 2396 926 2437 in
955 2393 1179 2437 columbae
1210 2394 1352 2449 specie
1393 2392 1603 2448 Spiritum
1634 2398 1828 2434 sanctum

337 2454 519 2507 venisse,
550 2460 596 2496 ut
620 2453 853 2495 debeamus
883 2452 927 2492 in
948 2452 1075 2492 domo
1097 2450 1195 2501 Dei,
1224 2450 1268 2490 in
1294 2447 1475 2491 ecclesia
1495 2448 1655 2491 Christi
1682 2449 1829 2490 unani-

337 2524 427 2551 mes
468 2509 673 2563 habitare,
710 2507 942 2550 concordes
982 2513 1024 2549 et
1063 2504 1278 2562 simplices
1308 2519 1601 2562 perseverare:
1641 2514 1742 2549 Haec
1768 2521 1828 2557 est,

337 2565 489 2621 inquit,
526 2576 590 2608 inc
630 2573 773 2608 ecclesia
809 2573 988 2607 noscenda
1023 2571 1230 2615 simplicitas
1268 2577 1300 2604 et
1337 2571 1539 2612 obtinenda,
1578 2575 1617 2602 ut
1651 2570 1828 2604 columbas

338 2624 478 2659 dilectio
508 2624 663 2657 imitetur
686 2621 942 2667 fraternitatis,
971 2626 1009 2654 ut
1034 2620 1267 2654 mansuetudo
1302 2625 1333 2653 et
1360 2618 1486 2653 lenitas
1513 2623 1682 2662 aequetur
1705 2619 1826 2653 ovibus

340 2728 371 2763 a)
393 2729 559 2756 servandas
582 2728 769 2755 contradidit
791 2728 817 2753 1.
898 2725 929 2760 b)
951 2726 1078 2752 inutilia
1104 2725 1184 2758 Vulq.
1266 2724 1294 2758 c)
1316 2725 1358 2750 ita
1381 2725 1482 2758 Gypr.,·
1503 2725 1576 2750 dcent
1598 2725 1624 2749 1.

345 2819 378 2859 1)
411 2817 553 2859 Cicero,
585 2817 642 2849 De
669 2816 874 2849 inventione
905 2815 955 2856 11,
981 2815 1037 2847 22.
1100 2814 1154 2848 Of.
1192 2814 1321 2848 Isidori
1353 2815 1468 2857 Opera
1493 2813 1563 2854 ΙΙΙ,
1589 2824 1625 2855 p.
1653 2811 1710 2845 85.
1735 2811 1824 2844 ⁴192.

343 2867 382 2910 2)
413 2867 506 2900 Ibid.
614 2865 653 2908 3)
686 2866 747 2898 Eis
773 2865 887 2898 alludi
911 2863 1062 2905 videtur,
1096 2874 1187 2907 quae
1214 2865 1252 2896 in
1277 2864 1470 2905 Augustini
1495 2862 1670 2905 Operibus
1697 2860 1766 2901 111,
1793 2861 1826 2898 2,
1866 2870 1878 2878 ‘

342 2928 377 2960 p.
404 2914 611 2948 839-841.
637 2915 814 2958 leguntur.
914 2912 953 2956 4)
981 2913 1151 2956 Cypriani
1178 2914 1297 2957 Opera
1322 2924 1358 2955 p,
1387 2912 1468 2944 217.
1496 2911 1580 2943 218.
