1878 3308
335 295 404 328 DE
428 294 640 328 UMTATE
665 293 940 327 ECCLESIAE
967 291 1339 327 CONSERVANDA.
1545 294 1591 326 35

89 405 195 450 fidei
241 405 415 449 dilectio
464 412 552 459 est,
608 406 721 447 sicut
773 403 996 461 apostolus
1043 411 1243 447 testatur:
1316 405 1470 457 Fides,
1527 405 1758 460 in-G21,5‚⁶‚

121 463 261 517 niens,
297 477 412 520 quae
448 476 535 517 per
572 461 844 504 dilectionem
889 467 1113 516 operatur.
1172 459 1299 503 Unde
1336 468 1379 502 et
1419 468 1592 502 sanetus

91 477 304 562 ίΙιώιιιιιιιθιι
342 517 585 576 apostolus:
630 517 796 571 Omnis,
831 517 986 574 inquit,
1015 518 1215 573 spiritus,
1246 517 1325 571 qui
1353 517 1795 573 confitetur‚1‚10h‚4‚2‚

91 575 238 618 Iesum
259 574 480 619 Christum
508 575 558 616 in
589 588 724 615 carne
753 574 931 625 venisse,
961 587 1015 614 ex
1039 573 1134 614 Deo
1156 579 1228 614 est.
1267 571 1593 614 Confessionem

92 631 176 674 boc
194 629 291 674 loco
318 645 408 673 non
427 629 567 672 solum
587 628 823 672 catholicae
842 627 958 682 fidei,
987 628 1064 670 sed
1093 636 1136 671 et
1156 629 1418 685 operationis
1440 627 1593 682 bonae,

93 700 207 744 quae
247 686 297 729 fit
334 701 413 743 per
451 686 689 739 caritatem,
731 685 931 741 requirit;
975 683 1136 741 alioqui
1171 683 1364 726 nonnulli
1403 684 1594 738 heretici,

93 741 220 786 multi
262 742 509 796 scismatici,
552 742 629 784 sed
670 747 715 783 et
756 740 880 783 multi
922 739 1018 782 falsi
1064 741 1287 783 christiani
1324 741 1594 793 confitentur,

92 799 242 842 Iesum
281 797 501 842 Christum
536 798 583 840 in
620 811 750 839 carne
789 797 972 849 venisse,
1009 796 1086 838 sed
1124 796 1436 839 confessionem
1471 811 1595 839 suam

92 854 220 898 fietis
253 869 284 896 n
396 861 428 909 t,
465 868 553 896 non
588 852 786 896 habendo
824 853 1060 895 caritatem.
1120 853 1288 895 Caritas
1318 854 1480 909 quippe
1508 853 1596 895 Dei

94 910 232 954 filium
333 910 459 954 duxit
499 910 555 952 ad
598 923 786 963 carnem,
823 916 868 952 et
901 908 1000 951 ideo
1039 915 1183 965 negat,
1222 908 1343 951 illum
1380 910 1426 950 in
1466 923 1595 951 carne

93 966 277 1022 venisse,
320 966 517 1024 quisquis
560 980 648 1008 non
689 964 821 1008 habet
862 967 1097 1007 caritatem.
1156 966 1296 1022 Igitur
1339 979 1449 1021 opus
1493 965 1595 1007 fidei

94 1022 269 1066 dileetio
286 1031 366 1076 est,
394 1021 471 1065 sed
489 1022 610 1064 Deus
630 1020 803 1064 dilectio
823 1028 901 1075 est,
932 1035 1061 1077 quam
1091 1021 1198 1064 dicit
1226 1021 1447 1078 apostolus
1475 1020 1697 1063 habi-Rom.
1712 1036 1780 1071 5,5.

92 1087 187 1123 tare
213 1080 260 1121 in
279 1078 482 1121 cordibus
500 1078 714 1132 fidelium3
744 1077 852 1119 fides
882 1079 996 1119 enim
1017 1085 1092 1119 tua
1120 1077 1174 1119 de
1196 1077 1367 1120 Christo
1398 1077 1596 1120 Christus

94 1141 161 1179 est
187 1135 233 1177 iu
252 1134 384 1178 corde
402 1141 492 1177 tuo.
535 1134 583 1177 Si
611 1133 718 1176 fides
742 1137 787 1175 in
807 1133 947 1187 nobis,
978 1132 1176 1175 Christus
1206 1134 1252 1175 in
1271 1133 1418 1187 nobis3
1449 1148 1592 1190 quem,

95 1190 267 1235 seilicet
285 1191 447 1244 Iesum,
476 1189 618 1243 solvit,
647 1190 842 1247 quisquis
871 1190 1001 1231 fidem
1031 1189 1228 1232 absolvit.
1277 1190 1369 1232 Sed
1390 1191 1594 1243 audistis,
1607 1197 1811 1232 ’nuth-bm-

96 1247 250 1305 inquit,
266 1249 374 1304 quia
389 1247 555 1290 dietum
569 1247 869 1302 estantiquis:
890 1246 1009 1288 ‘Non
1018 1246 1258 1302 peierabis‚
1279 1246 1435 1288 reddes
1452 1253 1595 1289 autem
1677 1237 1727 1263 ³⁴·

96 1303 289 1347 Domino
329 1303 647 1346 iusiurandum
687 1304 845 1356 tuum’,‘
890 1316 968 1358 eqo
1009 1308 1152 1344 autem
1192 1303 1290 1344 dico
1319 1303 1460 1355 vobis,
1507 1317 1594 1344 nou

94 1361 252 1403 iurare
288 1361 477 1402 omnino.
529 1358 614 1400 His
650 1365 780 1414 atque
814 1357 909 1399 aliis
939 1357 1024 1400 Dei
1053 1357 1266 1400 mandatis
1305 1357 1478 1400 credere
1514 1358 1596 1400 hoc

97 1422 165 1458 est
197 1414 330 1458 fidem
368 1422 527 1467 tenere,
566 1414 649 1456 hoc
677 1424 743 1456 est
773 1413 991 1457 Christum
1021 1414 1065 1455 in
1096 1413 1301 1456 cordibus
1330 1413 1596 1456 credentium

97 1470 308 1524 habitare,
346 1471 471 1512 cuius
508 1469 643 1512 verba
680 1484 766 1512 non
805 1476 988 1525 possunt
1021 1468 1146 1511 aliter
1174 1470 1281 1523 fieri,
1312 1484 1441 1526 quam
1471 1471 1596 1512 iuxta

95 1527 278 1571 verbum
296 1526 396 1580 Dei,
415 1525 532 1583 quod
551 1534 617 1569 est
638 1525 752 1567 filius
769 1525 871 1569 Dei.
901 1525 1136 1582 Proposm't
1155 1526 1270 1568 enim
1290 1527 1330 1568 ei
1350 1526 1467 1568 istud
1487 1525 1596 1582 legis

96 1582 363 1648 mandatum,
382 1583 458 1640 qui
470 1581 659 1624 nondum
676 1582 873 1624 ascendit
889 1581 945 1623 ad
961 1581 1130 1623 culmen
1146 1581 1461 1637 euangelicum:
1483 1582 1597 1624 Red-

4 1654 19 1683 ·.
97 1639 188 1693 dee,
205 1639 420 1705 inquiens,
438 1639 628 1681 Domino
647 1639 939 1680 iuramentum
958 1644 1079 1680 tuum
1089 1653 1105 1691 ,·
1127 1638 1245 1680 vobis
1266 1645 1422 1691 autem,
1442 1638 1596 1694 inquit,
1609 1653 1685 1680 ibid.

97 1695 211 1750 dico,
241 1709 317 1752 qui
343 1709 433 1737 non
460 1694 564 1737 estis
592 1694 671 1736 sub
697 1693 807 1750 lege,
836 1693 912 1736 sed
941 1693 1022 1736 sub
1048 1693 1299 1749 euangelica
1318 1693 1596 1750 perfectione,

98 1766 190 1795 mm
232 1752 388 1794 iurare
417 1752 605 1794 manino.
662 1749 834 1792 Iustitia
861 1756 1006 1792 autem
1040 1748 1371 1792 Pharisaeorum
1401 1757 1478 1804 est,
1508 1764 1596 1792 non

98 1806 310 1862 occidere,
344 1821 432 1850 non
469 1807 676 1864 peierare.
742 1805 832 1849 Sed
866 1821 963 1848 vere
1002 1806 1099 1848 dico
1138 1806 1272 1860 υοῦἰε,
1309 1807 1462 1863 inquit,
1506 1807 1595 1848 nisi
1606 1821 1812 1856 numum

100 1863 393 1906 abundaverit
419 1864 593 1905 iustitia
621 1868 766 1904 vestra
787 1861 897 1918 plus
928 1877 1060 1918 quam
1089 1862 1336 1905 scribarum
1366 1868 1405 1904 et
1432 1862 1592 1904 Phari-

97 1933 314 1974 saeorum,
343 1934 434 1962 non
463 1919 687 1962 intrabitis
715 1919 766 1960 in
794 1933 979 1974 reynum
1007 1917 1238 1960 caelorum.
1296 1917 1594 1974 Quodcunque
1607 1934 1691 1960 ιιι-οι.
1708 1934 1813 1967 5‚s.4.

98 1981 241 2018 autem
269 1976 450 2028 voveris,
479 1975 590 2016 sicut
613 1989 690 2030 per
711 1972 984 2015 Solomonem
1005 1972 1176 2026 dicitur,
1203 1974 1350 2026 redde,
1380 1973 1596 2028 multoque

98 2030 255 2074 maline
281 2037 356 2083 eet,
386 2045 476 2073 non
504 2045 669 2082 vovere,
699 2044 831 2084 quam
896 2035 959 2071 oet
978 2035 1121 2070 votum
1136 2030 1358 2083 promissa
1387 2043 1473 2070 uon
1500 2029 1596 2070 red·

99 2086 212 2130 dere.
266 2085 482 2143 Displicet
519 2086 635 2127 enim
674 2085 770 2127 Deo
807 2044 990 2126 infidelis
1029 2091 1072 2126 et
1110 2082 1239 2125 stulta
1275 2084 1516 2140 promissio,
1554 2090 1597 2126 et

99 2143 142 2184 η’
181 2142 233 2185 in
274 2157 464 2184 vacuum
507 2141 670 2197 aliquia
708 2141 937 2193 iuraverit,
980 2155 1070 2181 non
1114 2140 1438 2194 iustificabitur,
1484 2140 1811 2187 sicutseel.2³,14.

98 2198 310 2255 sapientia
328 2197 414 2239 Dei
434 2196 623 2254 loquitur
651 2197 695 2238 in
715 2194 825 2238 libro
845 2194 1167 2237 Ecclesiastico.
1197 2195 1411 2249 Audistis,
1442 2196 1595 2252 inquit,
1608 2206 1714 2234 umh-
1725 2207 1818 2238 «⁵,oe-

98 2255 207 2320 quia
221 2254 383 2297 dietum
399 2254 686 2309 estantiquis:
708 2251 1063 2307 ‘Nonpeierabi3,
1082 2251 1236 2293 reddes
1253 2258 1393 2294 autem
1406 2252 1595 2294 Domino

98 2315 389 2353 atramentum
416 2310 564 2361 tuum',
594 2308 670 2365 qui
698 2307 890 2350 nondum
921 2307 1155 2350 ascendisti
1182 2306 1238 2349 ad
1269 2306 1438 2349 culmen
1468 2322 1596 2350 euan-

98 2364 300 2431 gelicum,
329 2365 406 2408 ubi
435 2364 689 2422 prohibetur
718 2365 891 2406 omnino
920 2364 1223 2406 iuramentum.
1280 2363 1479 2420 Denique
1508 2377 1595 2405 non

98 2420 375 2479 implentibus
409 2435 461 2463 ea
497 2434 609 2478 quae
646 2421 834 2477 antiquis
871 2421 915 2461 in
951 2418 1048 2476 lege
1077 2419 1279 2462 iubentur
1317 2419 1595 2461 maledictum

99 2477 228 2521 etiam
256 2478 529 2535 proponitur:
568 2477 844 2530 Maledictus,
884 2476 1036 2532 inquit,
1074 2478 1152 2532 qui
1187 2491 1275 2518 uon
1297 2477 1596 2532 permanserit
1609 2488 1811 2522 Deut.8·1,26.

100 2534 150 2576 in
184 2534 383 2577 omnibus
421 2548 533 2590 quae
560 2535 729 2590 scripta
759 2539 858 2574 suut
886 2534 935 2575 in
964 2531 1075 2574 libro
1104 2531 1226 2589 leqis,
1269 2539 1315 2573 ut
1335 2531 1490 2587 faciat
1528 2547 1594 2585 ea,

101 2595 141 2631 ot
167 2595 378 2633 contectos·
405 2590 524 2631 vobis
544 2604 631 2644 per
658 2587 824 2631 eaelum
853 2594 891 2629 et
919 2594 1096 2641 terram,
1155 2587 1255 2641 uod,
1285 2589 1325 2630 si
1345 2603 1432 2630 uon
1459 2594 1595 2630 custo-

102 2645 274 2688 dieritis
302 2645 519 2688 mandata
551 2645 720 2687 domini
739 2645 827 2686 Dei
854 2645 996 2696 vestr-i,
1020 2645 1126 2700 peri
1152 2645 1224 2686 itis
1255 2659 1284 2686 a
1290 2644 1419 2699 facie
1440 2650 1593 2685 terrae.

102 2698 232 2753 Quod
267 2700 305 2742 si
339 2701 554 2754 iubentur,
593 2701 667 2766 qui
704 2698 784 2743 sub
825 2699 1027 2742 mandato
1064 2698 1171 2755 legis
1211 2707 1311 2741 sunt
1349 2699 1471 2756 quasi
1514 2698 1594 2741 sub

102 2755 302 2812 paedago
333 2770 379 2809 o,
423 2757 675 2812 interposita
723 2755 1024 2798 maledictione
1067 2755 1256 2797 Domino
1307 2755 1591 2797 iuramentum

103 2825 228 2853 suum
336 2810 450 2865 dere,
487 2810 616 2876 quod,
645 2818 693 2853 ut
721 2826 854 2867 supra
883 2810 1045 2853 dictum
1076 2817 1153 2863 est,
1191 2810 1316 2853 datur
1345 2810 1425 2852 sub
1456 2823 1594 2853 sacra·
1607 2824 1691 2851 eu.

104 2874 247 2910 mento
266 2867 458 2909 veritatis
502 2866 651 2909 iudicii
680 2874 723 2909 et
750 2867 949 2920 iustitiae,
979 2867 1084 2924 quid
1113 2866 1186 2909 fiet
1215 2866 1268 2908 de
1296 2866 1361 2907 his
1391 2867 1467 2930 qui
1498 2879 1595 2907 con-

102 2923 370 2979 stringuntur
406 2937 456 2965 su
524 2922 687 2964 maiore
733 2929 1000 2965 sacramento
1044 2921 1301 2964 christianae
1344 2920 1595 2976 religionis?

1234 2987 1286 3019 3*
