1878 3308
0 225 9 325 Ρ
34 232 37 237 ,

298 283 366 318 ΒΕ
391 282 602 317 UMTATE
628 282 901 318 ECCLESIAE
928 283 1300 318 CONSERVANDA.
1509 285 1554 317 97

0 386 3 441 J
58 394 191 438 etiam
218 392 380 438 Paulus
408 396 679 452 conspiciens
708 396 992 453 perniciosam
1021 394 1106 437 sibi
1134 409 1227 438 esse
1257 395 1462 438 unitatem
1493 411 1555 439 re·
1589 400 1627 427 οἱ
1642 400 1708 428 Act-

58 447 307 507 probol-mn,
349 450 542 494 dividere
584 458 710 495 curat
749 451 921 495 turbam
967 451 1288 494 Saducaeorum
1331 459 1374 494 et
1410 451 1556 493 Phari·
1570 440 1617 473 ²³¹
1632 441 1739 468 ⁶²¹⁰·

57 519 270 561 saeorum,
298 514 511 573 eumque*
539 509 583 550 in
612 508 722 551 duas
759 515 903 564 partes
939 507 1288 550 tumultuantium
1328 506 1555 550 multitudo

56 561 280 618 dividitur,
319 565 358 607 ei
387 578 462 606 vla
491 565 722 621 ereptionis
761 564 965 620 aperitur,
999 564 1115 621 quia,
1175 578 1274 606 uem
1302 564 1431 606 turba
1459 578 1554 620 per-

55 619 330 677 aequandum
362 621 485 663 unita
519 622 849 673 constrinxerat,
884 618 1024 662 divisa
1051 618 1152 662 laxa
1184 625 1242 662 at.
1299 619 1555 676 Eripiuntur

56 675 218 719 etenim
251 675 369 731 iusti,
407 676 511 719 dum
547 676 799 719 dividuntur
834 676 995 729 iniusti,
1031 681 1075 718 et
1109 674 1342 719 electorum
1369 682 1471 719 vota
1498 675 1555 718 ad

114 730 295 775 rfectum
332 733 600 790 perveniunt,
635 732 740 776 dum
776 731 1059 788 reproborum
1087 732 1263 788 agmina
1290 747 1368 788 per
1397 731 1554 774 discor-

54 744 175 831 Rieam‘
213 787 547 833 confunduntur.
604 789 742 845 Igitur
782 788 898 831 facta
940 788 1151 830 divisione
1194 788 1553 842 adversariorum,

57 843 138 902 qui
175 857 254 901 per
290 843 447 889 multos
485 846 570 888 iam
607 859 743 888 annos
776 851 1123 901 repugnaverant
1151 852 1300 887 contra
1326 844 1554 887 ecclesiam

55 899 218 957 pariter
245 905 290 944 et
315 906 465 944 contra
497 916 588 944 rem
617 900 849 958 publicam,
888 900 951 943 illi
978 915 1081 943 vero
1151 901 1196 943 ui
1232 899 1555 944 declinaverant

55 960 156 1013 post
178 955 483 1014 imperatorem
501 964 761 1015 pepererunt
780 958 820 1001 ei
843 958 1112 999 incruentam
1162 972 1186 1000 e
1206 956 1400 1000 hostibus
1420 958 1552 999 victo-

54 1011 180 1067 riam,
198 1013 417 1071 quoniam,
438 1028 537 1056 cum
556 1015 756 1057 timerent
774 1013 875 1056 hinc
894 1028 920 1055 a
940 1027 1037 1056 com
1072 1012 1375 1056 rovincialibus
1394 1013 1552 1069 urgeri,

55 1066 175 1112 illinc
202 1067 260 1112 ab
289 1069 561 1126 imperatore,
631 1071 677 1113 ui
711 1071 798 1112 iam
828 1070 945 1112 circa
972 1070 1017 1112 K
1060 1103 1071 1112 .
1102 1069 1201 1112 Iulii
1230 1084 1329 1112 cum
1357 1069 1554 1112 exercitu

54 1122 220 1179 adast,
245 1125 506 1182 impugnari,
536 1126 563 1169 d
638 1127 795 1170 tionem
825 1126 1020 1169 fecerunt
1048 1141 1197 1169 omnes
1226 1133 1270 1168 et
1289 1125 1483 1168 Saxones
1512 1131 1555 1168 et
1567 1138 1655 1167 1085.

55 1179 270 1238 Thuringi
283 1188 454 1239 praeter
467 1184 764 1239 paucissimos,
787 1184 876 1240 qui,
895 1181 1042 1225 audito
1057 1182 1250 1225 adventu
1269 1181 1552 1238 imperatorie,

54 1234 257 1293 fugerant
282 1237 395 1281 ultra
421 1237 582 1283 flumen
601 1238 776 1282 Albiam
805 1253 905 1281 cum
935 1253 1012 1281 suo
1041 1253 1143 1295 rege
1169 1238 1446 1291 Hei-imaum,
1476 1237 1551 1294 qui

54 1293 200 1348 ctiam,
226 1301 377 1351 utpote
394 1309 494 1338 reus
514 1296 749 1339 maiestatis
769 1301 815 1337 at
844 1310 899 1338 ue
918 1295 1053 1338 hostis
1074 1293 1390 1337 ecclesiasticae
1449 1293 1552 1346 acis,

54 1348 283 1394 damnatus
311 1356 380 1394 est
425 1351 471 1393 in
509 1352 757 1408 supradicta
841 1351 1135 1407 oguntiacensi
1170 1349 1351 1407 synodo.
1458 1349 1554 1391 uius

54 1403 185 1462 fugae
212 1405 285 1450 vel
302 1412 500 1450 auctores
528 1407 596 1450 vel
616 1408 793 1450 comites
817 1414 939 1450 erant
967 1407 1160 1464 episcopi
1179 1406 1386 1449 adversae
1405 1405 1553 1462 partis,

56 1460 243 1519 ideoque
269 1463 505 1561 imperator
528 1471 647 1506 tanto
677 1464 831 1506 iustius
859 1463 1060 1517 decrevit,
1090 1461 1293 1506 substitui
1323 1461 1554 1504 catholicos

55 1517 204 1575 episco
238 1532 286 1561 os
358 1520 543 1562 estitutis
585 1519 791 1574 ecclesiis,
831 1526 991 1576 quanto
1035 1519 1275 1562 evidentius
1312 1523 1554 1574 appareret,

55 1573 176 1639 ipsos
234 1581 445 1618 esertores
484 1575 760 1619 ecclesiarum
798 1575 940 1618 locum
975 1576 1105 1618 etiam
1134 1582 1279 1618 tenere
1307 1587 1554 1617 mercenna-

53 1643 231 1685 norum,
266 1631 341 1688 qui
369 1631 464 1674 veri
502 1632 681 1676 fuissent
718 1632 895 1675 heretici
930 1631 1149 1688 iidemque
1178 1631 1374 1687 magistri
1403 1629 1554 1672 multo-

53 1699 154 1730 rum
183 1685 406 1753 scelerum.
466 1687 588 1732 Sicut
616 1690 730 1732 enim
765 1695 939 1731 sanctus
969 1686 1232 1743 Gregorius¹
1269 1686 1407 1740 docet,
1446 1700 1555 1728 mer-

55 1755 286 1786 oennm'mss
333 1750 420 1798 est,
462 1753 525 1797 qui
564 1759 661 1788 stare
702 1753 742 1788 ὅτι
780 1753 938 1798 periculo
981 1753 1099 1787 ovium
1139 1764 1211 1786 non
1246 1756 1378 1796 potest,
1418 1750 1480 1795 qui
1516 1751 1555 1785 in

52 1813 115 1845 «ω,
157 1803 254 1847 quoa
301 1803 425 1838 ovibus
460 1808 623 1846 praeest,
668 1815 741 1837 mm
782 1814 863 1837 oves
905 1802 1039 1848 diligit,
1086 1802 1150 1836 sed
1194 1803 1331 1835 lucrum
1378 1805 1555 1835 terrenum

58 1857 211 1902 quaeda.
274 1847 413 1914 Igitur
453 1848 635 1904 fugitivo
678 1848 738 1890 illi
785 1857 828 1891 et
870 1846 1055 1890 heretico
1098 1845 1342 1902 Hartvigob
1383 1859 1553 1887 succes-

0 1920 2 1925 ’
57 1903 115 1947 sit
156 1903 391 1948 cathohcus
438 1903 678 1960 Hartvigus
718 1905 762 1946 in
800 1905 1097 1961 episcopatum
1140 1900 1555 1957 Magadaburgensis

57 1958 289 2015 ecclesiae;
319 1974 449 2018 quem
479 1967 576 2016 post
604 1959 854 2003 electionem
879 1959 981 2002 cleri
1010 1965 1054 2001 et
1082 1956 1229 2015 populi
1257 1957 1393 2013 ipsius
1423 1955 1554 1998 eccle-

56 2016 148 2059 siae
196 2015 412 2059 ordinavit
457 2015 751 2072 suffraganeus
799 2017 892 2057 eius
941 2014 1083 2057 Diedo
1131 2015 1361 2070 episcopus
1379 2020 1395 2042 ²
1443 2026 1555 2054 anno

61 2071 184 2115 1085.
213 2072 270 2116 ab
299 2072 591 2115 incarnatione
622 2071 812 2125 Domini,
842 2072 880 2117 3.
911 2070 1017 2113 Idus
1045 2068 1155 2112 Iulii.
1196 2068 1266 2110 Ad
1296 2068 1416 2110 cuius
1446 2067 1556 2109 ordi·

57 2128 277 2172 nationem
336 2142 508 2172 raesens
537 2134 630 2170 erat
659 2128 892 2183 imperator
915 2125 1170 2178 Henrichus,
1199 2125 1344 2181 ibique
1371 2130 1415 2166 et
1434 2138 1555 2180 prae·

3 2188 6 2190 ’
58 2198 158 2227 sens
186 2191 280 2227 erat
367 2183 555 2227 ezelinus
583 2183 863 2240 Moguntinae
900 2182 1106 2225 ecclesiae
1135 2180 1484 2236 archiepiscopus
1514 2186 1556 2222 et

0 2253 11 2298 ⁸„
54 2239 320 2297 Sigiwinus‘²
351 2240 619 2284 Coloniensis
648 2239 1000 2296 archiepiscopus
1029 2245 1158 2294 atque
1186 2236 1259 2279 alii
1293 2235 1438 2293 plures
1469 2236 1556 2300 epi·

0 2299 10 2315 ”
53 2324 55 2326 -
165 2298 193 2352 i,
224 2311 332 2356 quos
361 2310 610 2340 enumerare
640 2295 816 2351 longum
842 2295 1044 2337 duximus
1074 2294 1293 2337 studentes
1314 2292 1555 2335 brevitaw.

56 2311 395 2412 fflpostquam
416 2355 649 2411 imperator
678 2352 838 2394 dimisit
866 2353 1117 2404 exercitum,
1146 2348 1275 2406 paulo
1304 2354 1403 2405 post
1423 2347 1557 2390 Saxo-

57 2424 136 2454 nes
173 2418 303 2468 atque
332 2409 544 2453 Thurinoi
581 2408 635 2451 ad
665 2407 843 2451 solitae‘¹
874 2405 1135 2450 infidelitatis
1166 2405 1408 2447 redierunt‘
1439 2404 1555 2459 inge-

55 2466 192 2524 nium,
222 2473 351 2525 atque
380 2473 476 2532 post
498 2444 613 2508 ‘c’luos
642 2464 730 2507 fere
759 2479 927 2507 menses
957 2463 1197 2520 promissae
1226 2460 1327 2502 fidei
1364 2467 1406 2502 et
1436 2459 1556 2516 pacis

56 2536 139 2580 ,per
158 2523 525 2580 interpositionem
547 2522 910 2563 iuramentorum⁴
940 2517 1237 2562 immemores‘
1257 2514 1556 2573 compulerunt

56 2660 94 2695 ἀ)
116 2668 237 2695 cunque
260 2663 286 2693 1,
317 2666 342 2688 α
361 2662 491 2688 effe-aim
511 2668 532 2687 n
553 2668 607 2693 pro
629 2667 658 2686 m
678 2660 804 2692 saepius.
898 2658 929 2692 b)
959 2659 1130 2691 Hartvingo
1155 2659 1181 2684 1.
1275 2654 1304 2689 c)
1334 2655 1501 2687 siv-iginus
1526 2656 1551 2680 1.

55 2699 95 2735 ’6)
115 2701 243 2728 molitae
265 2702 296 2734 ις
318 2702 445 2728 Gomon.
467 2701 633 2727 emundavit.
714 2699 744 2733 e)
766 2699 839 2725 decu
863 2700 889 2726 1.
969 2698 994 2730 s)
1015 2699 1089 2724 dun
1112 2699 1145 2730 1,·
1167 2696 1284 2723 frenet.
1307 2695 1428 2721 addidit.

68 2818 107 2862 1)
131 2819 295 2864 Gregorii
322 2820 441 2864 Opera
468 2819 498 2861 1,
524 2830 559 2863 p.
589 2817 694 2852 1486.
787 2817 828 2861 2)
854 2815 1222 2858 Brandenburgensis.
1314 2812 1354 2855 3)
1382 2812 1437 2845 Cf.
1463 2812 1554 2844 Anu.

66 2868 198 2904 saxon.
231 2881 265 2913 p.
293 2870 376 2902 723.
410 2874 446 2902 et
474 2868 566 2901 Ann.
592 2866 773 2910 Magdeb„
806 2867 867 2910 qui
894 2865 1021 2899 eadem
1046 2863 1201 2898 tradunt.
1318 2863 1356 2902 4)
1385 2861 1439 2894 Cf.
1466 2860 1555 2892 Anu.

65 2917 213 2961 Augu-t.
240 2917 322 2961 (SS.
348 2918 420 2958 111,
447 2929 483 2961 p.
506 2915 604 2958 131).

1200 2973 1219 3005 7
