1878 3308
288 302 334 335 38
533 302 599 335 DE
626 302 838 336 UNITATE
866 300 1140 335 ECCLESIAE
1169 300 1537 335 CONSERVANDA.

286 416 483 457 servierit
504 414 912 456 Nabuchodonosor
942 415 1039 468 reqi
1059 413 1317 469 Babylonis,
1347 419 1384 454 et
1416 413 1661 468 quicunque
1690 425 1781 452 non

285 472 534 512 curvaverit
555 470 710 513 collum
740 485 867 512 suum
888 470 964 511 sub
987 471 1091 525 iu-qo
1123 470 1240 524 reqis
1262 468 1522 524 Babylonis,
1552 468 1601 509 in
1629 466 1783 523 qladio

286 533 324 568 et
349 527 479 582 fame
517 533 556 567 et
593 527 668 568 siti
704 533 741 567 et
779 532 899 582 peste
935 526 1119 567 visitabo
1160 539 1293 580 super
1332 530 1499 580 qentem
1543 522 1680 576 illam,
1720 525 1785 565 ait

286 583 517 635 Dominus,
555 582 687 623 donec
717 597 966 624 consumam
1005 597 1074 623 eos
1114 582 1162 622 in
1198 595 1334 621 manu
1369 581 1474 622 eius.
1532 579 1625 635 Ipsi
1654 579 1800 627 etiam*

95 677 122 702 E
163 676 199 702 eh
225 676 258 702 17
284 638 377 693 regi
413 637 813 680 Nabuchodonosor
847 639 1064 679 iuraverat
1103 635 1334 679 Sedechias
1377 650 1456 676 rex
1498 635 1621 688 Iuda,
1661 635 1783 677 cuius

102 683 451 743 15zf³19120sscilicet
489 694 724 750 periurium
762 694 823 735 ita
860 694 1053 736 insecuta
1091 698 1156 734 est
1191 692 1295 734 ultio
1332 690 1527 733 divinau
1567 691 1665 733 Vivo
1691 705 1782 747 eqo,

285 751 392 792 dicit
407 750 638 803 Dominus,
660 751 867 806 quoniam
886 752 1192 802 iuramentum,
1213 748 1330 805 quod
1350 749 1526 803 sprevit,
1541 753 1579 787 et
1588 753 1783 802 pactum,

286 806 404 862 quod
434 807 779 862 praevaricatus
819 812 892 859 est,
927 821 1095 861 ponam
1125 807 1173 847 in
1205 810 1339 859 caput
1369 805 1477 857 eius,
1508 809 1548 844 et
1576 803 1785 844 morietur

284 863 333 903 in
346 863 749 917 praevaricatione,
771 877 860 917 qua
880 863 1076 918 despeaeit
1094 877 1171 902 me.
1207 860 1294 908 Qui
1313 862 1428 902 enim
1448 858 1574 901 solvit
1586 864 1783 915 pactum,

285 918 491 973 nunquid
521 916 722 973 effuqiet?
754 918 862 959 dicit
891 918 1122 962 Dominus,

142 979 270 1014 (XVIII)
404 973 465 1014 17.
513 973 690 1015 Certum
721 980 796 1026 est,
828 974 928 1029 quia
957 988 1107 1015 verum
1138 978 1214 1024 est,
1245 970 1361 1028 quod
1381 969 1641 1013 Hildebrant
1669 983 1785 1026 papa

284 1030 556 1084 temptaverit
592 1028 754 1071 solvere
794 1030 1048 1086 scripturam
1077 1029 1255 1071 Domini
1293 1034 1335 1070 et
1363 1026 1566 1082 mandata
1594 1025 1784 1078 Domini,

285 1099 394 1141 quae
432 1091 531 1127 sunt
570 1084 623 1126 de
663 1086 825 1127 unitate
864 1085 1069 1128 ecclesiae
1101 1084 1273 1137 Christi,
1304 1097 1413 1140 quae
1444 1088 1544 1124 sunt
1572 1081 1701 1125 etiam
1729 1081 1783 1124 de

66 1154 179 1183 arim.
193 1154 273 1189 2,19.
285 1147 552 1182 sacramento
592 1141 704 1187 fidei,
772 1141 860 1183 Sed
889 1142 1069 1195 firmum
1096 1141 1446 1196 fundamentum
1481 1139 1568 1180 Dei
1604 1144 1703 1193 stat,
1741 1144 1785 1180 et

66 1195 471 1251 cf.cant.s,e.dilectio,
510 1211 620 1254 quae
659 1195 802 1239 valida
837 1203 901 1239 est
939 1198 1051 1239 sicut
1079 1211 1209 1249 mors,
1239 1197 1283 1237 in
1322 1194 1468 1238 electis
1498 1194 1584 1236 Dei
1612 1194 1786 1250 integra

284 1259 543 1309 perseverat,
584 1254 786 1309 quoniam
825 1259 954 1309 caput
993 1261 1035 1295 et
1069 1267 1238 1309 corpus,
1271 1251 1386 1308 quod
1416 1257 1482 1293 est
1512 1249 1710 1293 Christus
1741 1255 1784 1292 et

285 1307 480 1362 ecclesia,
511 1306 566 1349 ab
596 1310 782 1350 invicem
812 1323 898 1350 non
929 1308 1158 1351 discordat.
1195 1307 1358 1350 Poterit
1386 1321 1488 1349 sane
1517 1305 1674 1363 aliquis
1703 1305 1784 1348 sol-

284 1379 385 1407 vere
422 1365 468 1405 in
505 1364 570 1405 his
609 1365 682 1420 qui
719 1364 822 1406 foris
863 1371 963 1406 sunt
1003 1366 1237 1418 caritatem,
1275 1377 1385 1420 quae
1414 1377 1636 1419 nunquam
1666 1368 1782 1404 certe

264 1421 330 1461 ⁷in
359 1419 504 1462 electis
536 1420 671 1474 cadit3
702 1419 755 1463 de
785 1426 927 1463 cetero
956 1420 1073 1475 velit,
1104 1419 1222 1473 nolit,
1258 1418 1423 1461 caelum
1453 1425 1496 1461 et
1523 1426 1636 1461 terra
1664 1418 1784 1474 prius

254 1525 259 1531 ᾗ
282 1476 538 1529 transibunt,
569 1491 697 1541 quam
727 1475 797 1518 vel
825 1476 914 1518 iota
942 1491 1077 1518 unum
1105 1475 1176 1518 vel
1205 1491 1315 1517 unus
1335 1489 1452 1531 apex
1472 1480 1712 1531 praetereat
1730 1474 1784 1516 de

283 1531 377 1588 lege
423 1532 614 1586 Domini,
665 1532 718 1573 de
768 1533 981 1588 scriptura
1028 1532 1221 1577 Domini.
1302 1531 1597 1588 Quaecunque
1641 1537 1784 1573 autem

284 1590 453 1644 scripta
492 1595 609 1641 sunt,
649 1589 710 1630 ad
747 1595 942 1631 nostram
983 1590 1228 1631 doctrinam
1266 1589 1434 1643 scripta
1469 1593 1583 1640 sunt,
1622 1593 1671 1628 ut
1697 1601 1784 1641 per

280 1645 547 1700 patientiam
586 1654 621 1685 et
663 1645 1001 1687 consolationem
1031 1647 1357 1700 scripturarum
1386 1658 1504 1699 spem
1534 1642 1782 1695 habeamus,

87 1700 399 1748 Rom.15,4.sicut
448 1699 574 1742 docet
621 1700 853 1756 apostolus,
913 1700 1029 1742 Ecce
1078 1700 1190 1742 enim
1234 1706 1465 1755 postquam
1508 1697 1785 1754 praedixerat

115 1772 176 1799 1er.
191 1771 274 1805 ηε.
289 1755 518 1810 Dominus,
547 1763 733 1812 gentem,
794 1772 875 1799 uae
905 1771 991 1798 non
1013 1756 1208 1798 servierit
1226 1755 1318 1811 regi
1338 1754 1588 1810 Babylonis,
1618 1769 1664 1797 se
1683 1755 1784 1796 visi·
1845 1807 1847 1810 y

283 1817 474 1853 taturum
505 1827 597 1854 esse
627 1813 673 1853 in
701 1771 844 1868 gladio
875 1819 918 1855 et
945 1812 1058 1854 fame
1088 1818 1131 1854 et
1159 1817 1280 1868 peste
1304 1836 1352 1842 —
1375 1825 1454 1867 per
1483 1810 1598 1867 quod
1619 1809 1784 1853 scilicet

283 1868 575 1910 testimonium
607 1869 720 1910 sicut
749 1874 791 1910 et
819 1883 898 1925 per
926 1867 1169 1924 apostolum
1199 1867 1337 1920 docet,
1367 1866 1653 1923 potestatibus
1684 1865 1783 1909 obe-

95 1926 208 1954 Ezeeh·
224 1928 270 1958 1⁷»
285 1923 489 1966 diendum
501 1938 592 1966 esse
607 1951 672 1978 ——,
682 1931 780 1981 post
811 1939 910 1966 uam
922 1925 1049 1966 etiam
1062 1923 1350 1980 praedixerat,
1367 1922 1623 1966 Sedechiam
1637 1937 1784 1979 regem

99 1966 146 1994 ¹⁵·
162 1967 268 1993 ¹⁹'²⁰'
284 1994 362 2035 pro
402 1980 654 2034 iuramento,
696 1940 813 2037 quod
850 1980 1046 2034 solverat,
1084 1981 1338 2022 moriturum
1369 1993 1464 2022 esse
1494 1979 1539 2020 in
1567 1979 1783 2035 praevari-

286 2035 464 2090 catione,
495 2051 581 2092 qua
600 2037 848 2093 despexerit
867 2052 926 2091 se,
957 2037 1161 2094 quoniam
1190 2036 1479 2078 iuramentum
1499 2034 1678 2077 Domini
1705 2040 1784 2089 est,

284 2092 330 2132 in
374 2092 497 2134 cuius
536 2094 709 2135 nomine
753 2093 930 2147 iuratur,
970 2092 1046 2136 ubi
1082 2092 1256 2146 iustitia,
1294 2091 1503 2134 iudicium
1543 2097 1585 2134 et
1622 2091 1782 2134 veritas

128 2163 188 2190 1er.
202 2165 230 2195 4,
244 2165 271 2190 2.
287 2148 464 2190 comites
495 2164 587 2191 esse
627 2148 847 2191 dicuntur:
905 2154 1004 2205 post
1040 2148 1158 2202 haec,
1196 2149 1389 2204 inquam,
1425 2147 1531 2190 dicit
1566 2147 1782 2196 Dominus

94 2209 214 2243 1er.2⁷‚
226 2211 271 2237 14-
286 2218 364 2259 per
406 2204 669 2247 Hieremiam
718 2204 975 2261 prophetam
1024 2204 1077 2247 de
1119 2203 1353 2260 prophetis,
1398 2204 1529 2245 immo
1573 2202 1627 2246 de
1664 2202 1783 2245 salsis

167 2249 213 2274 ¹5·
286 2274 364 2315 pro
398 2260 531 2314 hetis,
579 2260 662 2302 hoc
705 2267 770 2302 est
811 2260 865 2302 de
910 2260 1028 2302 falsis
1078 2259 1346 2302 doctoribus:
1413 2259 1582 2312 Nolite,
1630 2258 1783 2315 inquit,

288 2332 348 2357 au
383 2317 446 2358 ire
475 2316 607 2358 verba
633 2317 953 2372 prophetarum
984 2317 1220 2358 dicentium
1251 2316 1397 2357 vobis:
1428 2314 1587 2357 ‘Nolite
1617 2316 1781 2357 servire

286 2372 383 2427 reyi
403 2372 672 2428 Babylonis’,
704 2374 812 2428 quia
831 2373 1108 2414 mendacium
1128 2373 1219 2427 ipsi
1237 2371 1478 2427 loquuntur
1496 2370 1642 2425 vobis;
1673 2372 1782 2428 quia

286 2442 376 2468 non
415 2428 516 2469 misi
555 2443 638 2480 eos,
680 2430 743 2470 ait
770 2428 1001 2481 Dominus,
1041 2434 1079 2470 et
1117 2428 1210 2483 ipsi
1231 2427 1503 2482 prophetant
1530 2427 1578 2468 in
1608 2428 1782 2470 nomine

286 2497 375 2523 meo
405 2484 681 2537 mendaciter,
711 2490 758 2525 ut
789 2485 950 2526 eiciant
979 2498 1066 2536 vos,
1096 2489 1135 2525 et
1159 2484 1353 2541 pereatis
1393 2489 1483 2525 tam
1521 2497 1610 2536 vos,
1649 2498 1781 2539 quam

279 2538 536 2592 prophetae,
574 2541 649 2594 qui
686 2541 990 2581 vaticinantur
1025 2539 1157 2582 vobis.
1216 2537 1342 2581 Certe
1382 2552 1543 2592 omnes,
1572 2545 1783 2595 quotquot

287 2594 501 2648 potestati,
531 2594 661 2635 immo
686 2594 772 2636 Dei
803 2595 1062 2637 ordinationi
1091 2595 1306 2647 resistunt,
1335 2608 1362 2635 a
1390 2607 1522 2650 regno
1542 2593 1628 2637 Dei
1657 2594 1781 2637 eiecti

286 2647 501 2746 peribunt,
532 2655 574 2690 et
602 2651 763 2705 periuri
792 2666 972 2706 regnum
1002 2651 1088 2693 Dei
1117 2664 1202 2692 non
1231 2649 1526 2706 possidebunt.
1581 2650 1650 2693 De
1680 2650 1782 2693 dua-

319 2718 368 2744 us
413 2704 574 2760 quippe
618 2705 863 2748 civitatibus
908 2722 1047 2763 pauca
1092 2706 1281 2748 diximus
1321 2720 1464 2762 supra,
1503 2707 1627 2748 iuxta
1695 2707 1781 2749 uod

289 2758 438 2801 scribit
481 2767 654 2820 sanetus
693 2761 990 2817 Augustinus²
1034 2764 1079 2804 in
1115 2761 1226 2804 libro
1269 2764 1334 2805 19.
1379 2762 1432 2805 de
1473 2763 1645 2805 civitate
1727 2763 1780 2816 ei,

66 1415 105 1441 cf.
122 1415 231 1441 Matth.
242 1414 259 1441 5

148 1456 192 1481 18.

291 2887 325 2927 1)
354 2886 409 2920 cf.
437 2897 466 2919 c.
493 2887 552 2934 3}-
652 2886 690 2929 2)
713 2888 902 2930 Augustini
931 2891 1049 2933 Opera
1074 2890 1159 2932 VII,
1187 2902 1222 2934 p.
1249 2889 1332 2923 571.
