<?xml version="1.0" encoding="UTF-8"?>
<!DOCTYPE html PUBLIC "-//W3C//DTD XHTML 1.0 Transitional//EN"
    "http://www.w3.org/TR/xhtml1/DTD/xhtml1-transitional.dtd">
<html xmlns="http://www.w3.org/1999/xhtml" xml:lang="en" lang="en">
 <head>
  <title>
</title>
<meta http-equiv="Content-Type" content="text/html;charset=utf-8" />
  <meta name='ocr-system' content='tesseract 3.04.00' />
  <meta name='ocr-capabilities' content='ocr_page ocr_carea ocr_par ocr_line ocrx_word'/>
</head>
<body>
  <div class='ocr_page' id='page_1' title='image "./waltramiutvidetu00walruoft_0018.png"; bbox 0 0 1878 3308; ppageno 0'>
   <div class='ocr_carea' id='block_1_1' title="bbox 272 271 1169 308">
    <p class='ocr_par' dir='ltr' id='par_1_1' title="bbox 272 271 1169 308">
     <span class='ocr_line' id='line_1_1' title="bbox 272 271 1169 308; baseline -0.002 0"><span class='ocrx_word' id='word_1_1' title='bbox 272 275 358 308; x_wconf 90' lang='lat' dir='ltr'><em>XIV</em></span> <span class='ocrx_word' id='word_1_2' title='bbox 881 271 1169 306; x_wconf 80' lang='lat' dir='ltr'><strong>PRAEFATIO.</strong></span> 
     </span>
    </p>
   </div>
   <div class='ocr_carea' id='block_1_2' title="bbox 260 384 1806 2675">
    <p class='ocr_par' dir='ltr' id='par_1_2' title="bbox 260 384 1806 1504">
     <span class='ocr_line' id='line_1_2' title="bbox 273 384 1769 437; baseline -0.002 -9"><span class='ocrx_word' id='word_1_3' title='bbox 273 386 471 428; x_wconf 87' lang='lat' dir='ltr'><em>omnibus</em></span> <span class='ocrx_word' id='word_1_4' title='bbox 513 384 681 427; x_wconf 88' lang='lat' dir='ltr'><em>viribus</em></span> <span class='ocrx_word' id='word_1_5' title='bbox 734 385 1060 437; x_wconf 74' lang='lat' dir='ltr'><em>contenderant,</em></span> <span class='ocrx_word' id='word_1_6' title='bbox 1109 390 1156 426; x_wconf 87' lang='lat' dir='ltr'><em>ut</em></span> <span class='ocrx_word' id='word_1_7' title='bbox 1209 385 1359 427; x_wconf 86' lang='lat' dir='ltr'><em>unitas</em></span> <span class='ocrx_word' id='word_1_8' title='bbox 1409 384 1769 427; x_wconf 85' lang='lat' dir='ltr'><em>adversariorum</em></span> 
     </span>
     <span class='ocr_line' id='line_1_3' title="bbox 273 439 1768 496; baseline -0.002 -12"><span class='ocrx_word' id='word_1_9' title='bbox 273 443 460 484; x_wconf 83' lang='lat' dir='ltr'><em>Henrici</em></span> <span class='ocrx_word' id='word_1_10' title='bbox 487 441 808 483; x_wconf 80' lang='lat' dir='ltr'><em>rescinderetur</em></span> <span class='ocrx_word' id='word_1_11' title='bbox 838 440 929 495; x_wconf 91' lang='lat' dir='ltr'><em>(De</em></span> <span class='ocrx_word' id='word_1_12' title='bbox 959 441 1068 482; x_wconf 91' lang='lat' dir='ltr'><em>unit.</em></span> <span class='ocrx_word' id='word_1_13' title='bbox 1098 440 1194 482; x_wconf 87' lang='lat' dir='ltr'><em>eccl.</em></span> <span class='ocrx_word' id='word_1_14' title='bbox 1226 440 1288 494; x_wconf 90' lang='lat' dir='ltr'><em>II,</em></span> <span class='ocrx_word' id='word_1_15' title='bbox 1318 440 1409 494; x_wconf 84' lang='lat'><em>28).</em></span> <span class='ocrx_word' id='word_1_16' title='bbox 1468 439 1605 496; x_wconf 81' lang='lat' dir='ltr'><strong><em>Atqui</em></strong></span> <span class='ocrx_word' id='word_1_17' title='bbox 1634 439 1768 481; x_wconf 75' lang='lat' dir='ltr'><em>huius</em></span> 
     </span>
     <span class='ocr_line' id='line_1_4' title="bbox 271 495 1767 552; baseline -0.003 -12"><span class='ocrx_word' id='word_1_18' title='bbox 271 499 468 541; x_wconf 86' lang='lat' dir='ltr'><em>iniuriae</em></span> <span class='ocrx_word' id='word_1_19' title='bbox 489 497 747 539; x_wconf 83' lang='lat' dir='ltr'><em>sarciendae</em></span> <span class='ocrx_word' id='word_1_20' title='bbox 767 497 1024 552; x_wconf 87' lang='lat' dir='ltr'><em>imperatori</em></span> <span class='ocrx_word' id='word_1_21' title='bbox 1040 495 1176 550; x_wconf 88' lang='lat' dir='ltr'><em>facta</em></span> <span class='ocrx_word' id='word_1_22' title='bbox 1197 511 1285 538; x_wconf 89' lang='lat' dir='ltr'><em>esse</em></span> <span class='ocrx_word' id='word_1_23' title='bbox 1299 502 1493 552; x_wconf 85' lang='lat' dir='ltr'><em>potestas</em></span> <span class='ocrx_word' id='word_1_24' title='bbox 1513 497 1611 538; x_wconf 87' lang='lat' dir='ltr'><em>vivo</em></span> <span class='ocrx_word' id='word_1_25' title='bbox 1633 495 1767 537; x_wconf 88' lang='lat' dir='ltr'><em>Hart-</em></span> 
     </span>
     <span class='ocr_line' id='line_1_5' title="bbox 272 550 1806 610; baseline -0.003 -14"><span class='ocrx_word' id='word_1_26' title='bbox 272 555 373 610; x_wconf 76' lang='lat' dir='ltr'><em>viyo</em></span> <span class='ocrx_word' id='word_1_27' title='bbox 403 569 492 596; x_wconf 89' lang='lat' dir='ltr'><em>non</em></span> <span class='ocrx_word' id='word_1_28' title='bbox 512 553 697 594; x_wconf 87' lang='lat' dir='ltr'><em>videtur.</em></span> <span class='ocrx_word' id='word_1_29' title='bbox 747 552 846 600; x_wconf 82' lang='lat' dir='ltr'><em>Qua</em></span> <span class='ocrx_word' id='word_1_30' title='bbox 866 567 912 594; x_wconf 83' lang='lat' dir='ltr'><em>re</em></span> <span class='ocrx_word' id='word_1_31' title='bbox 933 568 1029 594; x_wconf 86' lang='lat' dir='ltr'><em>cum</em></span> <span class='ocrx_word' id='word_1_32' title='bbox 1049 554 1290 607; x_wconf 78' lang='lat' dir='ltr'><em>imperator</em></span> <span class='ocrx_word' id='word_1_33' title='bbox 1309 558 1486 595; x_wconf 77' lang='lat' dir='ltr'><em>eoeeunte</em></span> <span class='ocrx_word' id='word_1_34' title='bbox 1507 566 1627 594; x_wconf 88' lang='lat' dir='ltr'><em>anno</em></span> <span class='ocrx_word' id='word_1_35' title='bbox 1646 550 1768 594; x_wconf 87' lang='grc'><strong>1090.</strong></span> <span class='ocrx_word' id='word_1_36' title='bbox 1804 604 1806 607; x_wconf 10' lang='grc' dir='ltr'>ᾖ</span> 
     </span>
     <span class='ocr_line' id='line_1_6' title="bbox 274 607 1770 665; baseline -0.002 -13"><span class='ocrx_word' id='word_1_37' title='bbox 274 612 431 652; x_wconf 78' lang='lat' dir='ltr'><em>certior</em></span> <span class='ocrx_word' id='word_1_38' title='bbox 452 609 610 665; x_wconf 86' lang='lat' dir='ltr'><em>factus</em></span> <span class='ocrx_word' id='word_1_39' title='bbox 647 615 765 662; x_wconf 91' lang='lat' dir='ltr'><em>esset,</em></span> <span class='ocrx_word' id='word_1_40' title='bbox 805 615 1020 650; x_wconf 86' lang='lat' dir='ltr'><em>mortuum</em></span> <span class='ocrx_word' id='word_1_41' title='bbox 1060 623 1148 650; x_wconf 87' lang='lat' dir='ltr'><em>esse</em></span> <span class='ocrx_word' id='word_1_42' title='bbox 1186 609 1454 664; x_wconf 74' lang='lat' dir='ltr'><em>Hartviqum</em></span> <span class='ocrx_word' id='word_1_43' title='bbox 1483 607 1690 661; x_wconf 79' lang='lat' dir='ltr'><em>abbatem,</em></span> <span class='ocrx_word' id='word_1_44' title='bbox 1729 608 1770 649; x_wconf 84' lang='lat' dir='ltr'><em>ei</em></span> 
     </span>
     <span class='ocr_line' id='line_1_7' title="bbox 272 662 1768 717; baseline -0.003 -9"><span class='ocrx_word' id='word_1_45' title='bbox 272 668 323 709; x_wconf 92' lang='lat' dir='ltr'><em>in</em></span> <span class='ocrx_word' id='word_1_46' title='bbox 365 672 541 708; x_wconf 85' lang='lat' dir='ltr'><em>mentem</em></span> <span class='ocrx_word' id='word_1_47' title='bbox 586 665 663 707; x_wconf 76' lang='lat' dir='ltr'><em>hoc</em></span> <span class='ocrx_word' id='word_1_48' title='bbox 703 666 868 707; x_wconf 84' lang='lat' dir='ltr'><em>venisse</em></span> <span class='ocrx_word' id='word_1_49' title='bbox 904 664 1208 717; x_wconf 85' lang='lat' dir='ltr'><em>contenderim,</em></span> <span class='ocrx_word' id='word_1_50' title='bbox 1246 678 1335 706; x_wconf 91' lang='lat' dir='ltr'><em>sese</em></span> <span class='ocrx_word' id='word_1_51' title='bbox 1370 670 1539 706; x_wconf 90' lang='lat' dir='ltr'><em>mortuo</em></span> <span class='ocrx_word' id='word_1_52' title='bbox 1577 663 1649 705; x_wconf 86' lang='lat' dir='ltr'><em>illi</em></span> <span class='ocrx_word' id='word_1_53' title='bbox 1686 662 1768 705; x_wconf 81' lang='lat' dir='ltr'><em>ali-</em></span> 
     </span>
     <span class='ocr_line' id='line_1_8' title="bbox 274 719 1769 777; baseline -0.003 -13"><span class='ocrx_word' id='word_1_54' title='bbox 274 728 487 777; x_wconf 79' lang='lat' dir='ltr'><em>quantum</em></span> <span class='ocrx_word' id='word_1_55' title='bbox 527 721 689 774; x_wconf 87' lang='lat' dir='ltr'><em>debere,</em></span> <span class='ocrx_word' id='word_1_56' title='bbox 723 721 807 763; x_wconf 82' lang='lat' dir='ltr'><em>sibi</em></span> <span class='ocrx_word' id='word_1_57' title='bbox 841 735 915 762; x_wconf 89' lang='lat' dir='ltr'><em>eas</em></span> <span class='ocrx_word' id='word_1_58' title='bbox 953 721 1152 762; x_wconf 86' lang='lat' dir='ltr'><em>iniurias</em></span> <span class='ocrx_word' id='word_1_59' title='bbox 1187 719 1496 763; x_wconf 84' lang='lat' dir='ltr'><em>resarciendas</em></span> <span class='ocrx_word' id='word_1_60' title='bbox 1524 733 1625 774; x_wconf 88' lang='lat' dir='ltr'><em>esse,</em></span> <span class='ocrx_word' id='word_1_61' title='bbox 1657 733 1769 775; x_wconf 79' lang='lat' dir='ltr'><em>quas</em></span> 
     </span>
     <span class='ocr_line' id='line_1_9' title="bbox 273 774 1770 834; baseline -0.001 -15"><span class='ocrx_word' id='word_1_62' title='bbox 273 780 453 834; x_wconf 73' lang='lat' dir='ltr'><em>inqrato</em></span> <span class='ocrx_word' id='word_1_63' title='bbox 493 779 641 819; x_wconf 86' lang='lat' dir='ltr'><em>animo</em></span> <span class='ocrx_word' id='word_1_64' title='bbox 679 777 906 818; x_wconf 75' lang='lat' dir='ltr'><em>monachis</em></span> <span class='ocrx_word' id='word_1_65' title='bbox 943 775 1064 818; x_wconf 83' lang='lat' dir='ltr'><em>illius</em></span> <span class='ocrx_word' id='word_1_66' title='bbox 1104 777 1298 818; x_wconf 88' lang='lat' dir='ltr'><em>coenobii</em></span> <span class='ocrx_word' id='word_1_67' title='bbox 1337 774 1567 818; x_wconf 83' lang='lat' dir='ltr'><em>intulisset.</em></span> <span class='ocrx_word' id='word_1_68' title='bbox 1629 776 1770 825; x_wconf 81' lang='lat' dir='ltr'><em>Quam</em></span> 
     </span>
     <span class='ocr_line' id='line_1_10' title="bbox 260 829 1767 890; baseline -0.003 -14"><span class='ocrx_word' id='word_1_69' title='bbox 260 832 407 890; x_wconf 85' lang='lat' dir='ltr'><em>facile</em></span> <span class='ocrx_word' id='word_1_70' title='bbox 446 834 587 889; x_wconf 74' lang='lat' dir='ltr'><em>iqitur</em></span> <span class='ocrx_word' id='word_1_71' title='bbox 611 833 720 887; x_wconf 82' lang='lat' dir='ltr'><em>fleri</em></span> <span class='ocrx_word' id='word_1_72' title='bbox 745 834 902 888; x_wconf 86' lang='lat' dir='ltr'><em>potuit,</em></span> <span class='ocrx_word' id='word_1_73' title='bbox 933 838 992 884; x_wconf 87' lang='lat' dir='ltr'><em>ut,</em></span> <span class='ocrx_word' id='word_1_74' title='bbox 1024 847 1108 889; x_wconf 83' lang='lat' dir='ltr'><em>quo</em></span> <span class='ocrx_word' id='word_1_75' title='bbox 1147 833 1288 874; x_wconf 89' lang='lat' dir='ltr'><em>noluit</em></span> <span class='ocrx_word' id='word_1_76' title='bbox 1323 832 1599 874; x_wconf 87' lang='lat' dir='ltr'><em>Fridericum</em></span> <span class='ocrx_word' id='word_1_77' title='bbox 1635 829 1767 872; x_wconf 70' lang='grc'><strong>0088-</strong></span> 
     </span>
     <span class='ocr_line' id='line_1_11' title="bbox 274 886 1770 945; baseline -0.003 -14"><span class='ocrx_word' id='word_1_78' title='bbox 274 904 438 931; x_wconf 87' lang='lat' dir='ltr'><em>censem</em></span> <span class='ocrx_word' id='word_1_79' title='bbox 454 890 610 944; x_wconf 74' lang='lat' dir='ltr'><em>funyi,</em></span> <span class='ocrx_word' id='word_1_80' title='bbox 640 890 939 944; x_wconf 86' lang='lat' dir='ltr'><em>episcopatum</em></span> <span class='ocrx_word' id='word_1_81' title='bbox 969 888 1319 945; x_wconf 72' lang='lat' dir='ltr'><em>Numburqensis</em></span> <span class='ocrx_word' id='word_1_82' title='bbox 1348 887 1550 930; x_wconf 86' lang='lat' dir='ltr'><em>ecclesiae</em></span> <span class='ocrx_word' id='word_1_83' title='bbox 1577 886 1770 928; x_wconf 86' lang='lat' dir='ltr'><em>traderet</em></span> 
     </span>
     <span class='ocr_line' id='line_1_12' title="bbox 274 941 1771 1001; baseline -0.003 -14"><span class='ocrx_word' id='word_1_84' title='bbox 274 947 483 1001; x_wconf 80' lang='lat' dir='ltr'><em>scriptori</em></span> <span class='ocrx_word' id='word_1_85' title='bbox 518 945 622 987; x_wconf 82' lang='lat' dir='ltr'><em>libri</em></span> <span class='ocrx_word' id='word_1_86' title='bbox 659 947 813 998; x_wconf 86' lang='lat' dir='ltr'><em>nostri,</em></span> <span class='ocrx_word' id='word_1_87' title='bbox 849 945 1062 986; x_wconf 75' lang='lat' dir='ltr'><em>monacho</em></span> <span class='ocrx_word' id='word_1_88' title='bbox 1100 946 1195 986; x_wconf 88' lang='lat' dir='ltr'><em>eius</em></span> <span class='ocrx_word' id='word_1_89' title='bbox 1223 944 1431 997; x_wconf 84' lang='lat' dir='ltr'><em>coenobii,</em></span> <span class='ocrx_word' id='word_1_90' title='bbox 1465 944 1592 986; x_wconf 88' lang='lat' dir='ltr'><em>cuius</em></span> <span class='ocrx_word' id='word_1_91' title='bbox 1623 941 1771 984; x_wconf 89' lang='lat' dir='ltr'><em>abbati</em></span> 
     </span>
     <span class='ocr_line' id='line_1_13' title="bbox 273 999 1773 1058; baseline -0.001 -16"><span class='ocrx_word' id='word_1_92' title='bbox 273 1003 443 1058; x_wconf 65' lang='lat' dir='ltr'><em>gratias</em></span> <span class='ocrx_word' id='word_1_93' title='bbox 472 1016 562 1042; x_wconf 91' lang='lat' dir='ltr'><em>non</em></span> <span class='ocrx_word' id='word_1_94' title='bbox 584 1007 794 1057; x_wconf 86' lang='lat' dir='ltr'><em>potuerat</em></span> <span class='ocrx_word' id='word_1_95' title='bbox 822 1000 1002 1044; x_wconf 88' lang='lat' dir='ltr'><em>reddere</em></span> <span class='ocrx_word' id='word_1_96' title='bbox 1030 1002 1142 1053; x_wconf 86' lang='lat' dir='ltr'><em>vivo,</em></span> <span class='ocrx_word' id='word_1_97' title='bbox 1173 1001 1214 1041; x_wconf 86' lang='lat' dir='ltr'><em>ei</em></span> <span class='ocrx_word' id='word_1_98' title='bbox 1233 1000 1442 1042; x_wconf 78' lang='lat' dir='ltr'><em>monacho</em></span> <span class='ocrx_word' id='word_1_99' title='bbox 1469 999 1593 1042; x_wconf 84' lang='lat' dir='ltr'><em>illius</em></span> <span class='ocrx_word' id='word_1_100' title='bbox 1621 1012 1773 1041; x_wconf 86' lang='lat' dir='ltr'><em>mona-</em></span> 
     </span>
     <span class='ocr_line' id='line_1_14' title="bbox 274 1054 1768 1113; baseline -0.001 -15"><span class='ocrx_word' id='word_1_101' title='bbox 274 1059 411 1110; x_wconf 84' lang='lat' dir='ltr'><em>sterii,</em></span> <span class='ocrx_word' id='word_1_102' title='bbox 443 1058 519 1113; x_wconf 81' lang='lat' dir='ltr'><em>qui</em></span> <span class='ocrx_word' id='word_1_103' title='bbox 547 1057 720 1113; x_wconf 81' lang='lat' dir='ltr'><em>quidem</em></span> <span class='ocrx_word' id='word_1_104' title='bbox 749 1055 909 1099; x_wconf 84' lang='lat' dir='ltr'><em>librum</em></span> <span class='ocrx_word' id='word_1_105' title='bbox 938 1071 1065 1098; x_wconf 87' lang='lat' dir='ltr'><em>suum</em></span> <span class='ocrx_word' id='word_1_106' title='bbox 1088 1057 1283 1098; x_wconf 89' lang='lat' dir='ltr'><em>nondum</em></span> <span class='ocrx_word' id='word_1_107' title='bbox 1311 1058 1362 1098; x_wconf 87' lang='lat' dir='ltr'><em>in</em></span> <span class='ocrx_word' id='word_1_108' title='bbox 1389 1056 1527 1098; x_wconf 85' lang='lat' dir='ltr'><em>lucem</em></span> <span class='ocrx_word' id='word_1_109' title='bbox 1556 1054 1768 1104; x_wconf 80' lang='lat' dir='ltr'><em>ediderat,</em></span> 
     </span>
     <span class='ocr_line' id='line_1_15' title="bbox 275 1110 1767 1169; baseline -0.002 -15"><span class='ocrx_word' id='word_1_110' title='bbox 275 1114 350 1155; x_wconf 91' lang='lat' dir='ltr'><em>sed</em></span> <span class='ocrx_word' id='word_1_111' title='bbox 380 1115 456 1169; x_wconf 78' lang='lat' dir='ltr'><em>qui</em></span> <span class='ocrx_word' id='word_1_112' title='bbox 485 1119 526 1154; x_wconf 89' lang='lat' dir='ltr'><em>et</em></span> <span class='ocrx_word' id='word_1_113' title='bbox 553 1114 646 1154; x_wconf 89' lang='lat' dir='ltr'><em>acie</em></span> <span class='ocrx_word' id='word_1_114' title='bbox 674 1113 848 1169; x_wconf 65' lang='lat' dir='ltr'><em>ingenii</em></span> <span class='ocrx_word' id='word_1_115' title='bbox 877 1119 915 1155; x_wconf 86' lang='lat' dir='ltr'><em>et</em></span> <span class='ocrx_word' id='word_1_116' title='bbox 944 1113 1081 1155; x_wconf 87' lang='lat' dir='ltr'><em>studii</em></span> <span class='ocrx_word' id='word_1_117' title='bbox 1095 1111 1292 1168; x_wconf 78' lang='lat' dir='ltr'><em>fervore,</em></span> <span class='ocrx_word' id='word_1_118' title='bbox 1324 1126 1408 1167; x_wconf 81' lang='lat' dir='ltr'><em>quo</em></span> <span class='ocrx_word' id='word_1_119' title='bbox 1435 1126 1618 1154; x_wconf 88' lang='lat' dir='ltr'><em>causam</em></span> <span class='ocrx_word' id='word_1_120' title='bbox 1649 1110 1767 1152; x_wconf 86' lang='lat' dir='ltr'><em>Hen-</em></span> 
     </span>
     <span class='ocr_line' id='line_1_16' title="bbox 274 1166 1771 1224; baseline -0.002 -14"><span class='ocrx_word' id='word_1_121' title='bbox 274 1170 360 1211; x_wconf 86' lang='lat' dir='ltr'><em>rici</em></span> <span class='ocrx_word' id='word_1_122' title='bbox 389 1175 652 1224; x_wconf 78' lang='lat' dir='ltr'><em>susceperat,</em></span> <span class='ocrx_word' id='word_1_123' title='bbox 683 1174 792 1211; x_wconf 87' lang='lat' dir='ltr'><em>certe</em></span> <span class='ocrx_word' id='word_1_124' title='bbox 810 1175 989 1224; x_wconf 87' lang='lat' dir='ltr'><em>praeter</em></span> <span class='ocrx_word' id='word_1_125' title='bbox 1010 1183 1153 1211; x_wconf 88' lang='lat' dir='ltr'><em>omnes</em></span> <span class='ocrx_word' id='word_1_126' title='bbox 1169 1168 1348 1224; x_wconf 87' lang='lat' dir='ltr'><em>fratres</em></span> <span class='ocrx_word' id='word_1_127' title='bbox 1377 1182 1478 1210; x_wconf 91' lang='lat' dir='ltr'><em>suos</em></span> <span class='ocrx_word' id='word_1_128' title='bbox 1495 1166 1700 1223; x_wconf 84' lang='lat' dir='ltr'><em>florebat,</em></span> <span class='ocrx_word' id='word_1_129' title='bbox 1730 1166 1771 1207; x_wconf 91' lang='lat' dir='ltr'><em>ei</em></span> 
     </span>
     <span class='ocr_line' id='line_1_17' title="bbox 274 1223 1767 1280; baseline -0.003 -14"><span class='ocrx_word' id='word_1_130' title='bbox 274 1225 508 1276; x_wconf 78' lang='lat' dir='ltr'><em>monacho,</em></span> <span class='ocrx_word' id='word_1_131' title='bbox 549 1239 672 1280; x_wconf 78' lang='lat' dir='ltr'><em>quem</em></span> <span class='ocrx_word' id='word_1_132' title='bbox 711 1227 992 1280; x_wconf 81' lang='lat' dir='ltr'><em>suspicamur</em></span> <span class='ocrx_word' id='word_1_133' title='bbox 1041 1225 1243 1267; x_wconf 89' lang='lat' dir='ltr'><em>coenobio</em></span> <span class='ocrx_word' id='word_1_134' title='bbox 1285 1223 1594 1265; x_wconf 85' lang='lat' dir='ltr'><em>Hersveldensi</em></span> <span class='ocrx_word' id='word_1_135' title='bbox 1670 1236 1767 1263; x_wconf 88' lang='lat' dir='ltr'><em>rae-</em></span> 
     </span>
     <span class='ocr_line' id='line_1_18' title="bbox 263 1237 1767 1337; baseline -0.002 -15"><span class='ocrx_word' id='word_1_136' title='bbox 263 1280 414 1336; x_wconf 86' lang='lat' dir='ltr'><em>fuisse</em></span> <span class='ocrx_word' id='word_1_137' title='bbox 433 1280 524 1322; x_wconf 84' lang='lat' dir='ltr'><em>illis</em></span> <span class='ocrx_word' id='word_1_138' title='bbox 545 1282 690 1334; x_wconf 89' lang='lat' dir='ltr'><em>annis,</em></span> <span class='ocrx_word' id='word_1_139' title='bbox 706 1295 791 1335; x_wconf 89' lang='lat' dir='ltr'><em>per</em></span> <span class='ocrx_word' id='word_1_140' title='bbox 810 1295 916 1336; x_wconf 81' lang='lat' dir='ltr'><em>quos</em></span> <span class='ocrx_word' id='word_1_141' title='bbox 938 1281 1186 1337; x_wconf 71' lang='lat' dir='ltr'><em>Hartviyus</em></span> <span class='ocrx_word' id='word_1_142' title='bbox 1208 1280 1564 1335; x_wconf 74' lang='lat' dir='ltr'><em>archiepiscopus</em></span> <span class='ocrx_word' id='word_1_143' title='bbox 1585 1237 1667 1320; x_wconf 66' lang='grc' dir='ltr'><em>ΜΡ</em></span> <span class='ocrx_word' id='word_1_144' title='bbox 1697 1277 1767 1319; x_wconf 86' lang='lat' dir='ltr'><em>de-</em></span> 
     </span>
     <span class='ocr_line' id='line_1_19' title="bbox 275 1334 1769 1393; baseline -0.002 -14"><span class='ocrx_word' id='word_1_145' title='bbox 275 1338 507 1393; x_wconf 75' lang='lat' dir='ltr'><em>burqensis</em></span> <span class='ocrx_word' id='word_1_146' title='bbox 546 1343 653 1389; x_wconf 89' lang='lat' dir='ltr'><em>erat,</em></span> <span class='ocrx_word' id='word_1_147' title='bbox 693 1343 731 1378; x_wconf 91' lang='lat' dir='ltr'><em>et</em></span> <span class='ocrx_word' id='word_1_148' title='bbox 767 1338 856 1392; x_wconf 75' lang='lat' dir='ltr'><em>qui,</em></span> <span class='ocrx_word' id='word_1_149' title='bbox 891 1337 1005 1378; x_wconf 88' lang='lat' dir='ltr'><em>sicut</em></span> <span class='ocrx_word' id='word_1_150' title='bbox 1044 1351 1162 1378; x_wconf 88' lang='lat' dir='ltr'><em>anno</em></span> <span class='ocrx_word' id='word_1_151' title='bbox 1195 1336 1316 1378; x_wconf 88' lang='grc'><strong>1086.</strong></span> <span class='ocrx_word' id='word_1_152' title='bbox 1356 1336 1417 1377; x_wconf 89' lang='lat' dir='ltr'><em>ad</em></span> <span class='ocrx_word' id='word_1_153' title='bbox 1458 1349 1600 1391; x_wconf 73' lang='lat' dir='ltr'><em>reyem</em></span> <span class='ocrx_word' id='word_1_154' title='bbox 1685 1334 1769 1376; x_wconf 88' lang='lat' dir='ltr'><em>eri·</em></span> 
     </span>
     <span class='ocr_line' id='line_1_20' title="bbox 275 1389 1772 1447; baseline -0.002 -13"><span class='ocrx_word' id='word_1_155' title='bbox 275 1408 488 1435; x_wconf 90' lang='lat' dir='ltr'><em>mannum</em></span> <span class='ocrx_word' id='word_1_156' title='bbox 531 1394 688 1434; x_wconf 88' lang='lat' dir='ltr'><em>missus</em></span> <span class='ocrx_word' id='word_1_157' title='bbox 730 1399 825 1435; x_wconf 82' lang='lat' dir='ltr'><em>erat</em></span> <span class='ocrx_word' id='word_1_158' title='bbox 869 1392 953 1447; x_wconf 85' lang='lat' dir='ltr'><em>(II,</em></span> <span class='ocrx_word' id='word_1_159' title='bbox 991 1408 1025 1434; x_wconf 89' lang='lat' dir='ltr'><em>c.</em></span> <span class='ocrx_word' id='word_1_160' title='bbox 1058 1392 1148 1446; x_wconf 84' lang='lat'><em>16),</em></span> <span class='ocrx_word' id='word_1_161' title='bbox 1193 1393 1258 1433; x_wconf 84' lang='lat' dir='ltr'><em>ita</em></span> <span class='ocrx_word' id='word_1_162' title='bbox 1299 1391 1513 1447; x_wconf 71' lang='lat' dir='ltr'><em>leyationi</em></span> <span class='ocrx_word' id='word_1_163' title='bbox 1562 1389 1772 1432; x_wconf 87' lang='lat' dir='ltr'><em>Veronam</em></span> 
     </span>
     <span class='ocr_line' id='line_1_21' title="bbox 275 1448 1068 1504; baseline -0.001 -13"><span class='ocrx_word' id='word_1_164' title='bbox 275 1450 413 1491; x_wconf 89' lang='lat' dir='ltr'><em>missa</em></span> <span class='ocrx_word' id='word_1_165' title='bbox 442 1448 651 1504; x_wconf 78' lang='lat' dir='ltr'><em>efortasse</em></span> <span class='ocrx_word' id='word_1_166' title='bbox 675 1448 932 1504; x_wconf 80' lang='lat' dir='ltr'><em>praefectus</em></span> <span class='ocrx_word' id='word_1_167' title='bbox 961 1454 1068 1490; x_wconf 84' lang='lat' dir='ltr'><em>erat.</em></span> 
     </span>
    </p>

    <p class='ocr_par' dir='ltr' id='par_1_3' title="bbox 276 1502 1774 2228">
     <span class='ocr_line' id='line_1_22' title="bbox 389 1502 1771 1560; baseline -0.004 -14"><span class='ocrx_word' id='word_1_168' title='bbox 389 1505 567 1546; x_wconf 84' lang='lat' dir='ltr'><em>Praeter</em></span> <span class='ocrx_word' id='word_1_169' title='bbox 611 1505 692 1546; x_wconf 82' lang='lat' dir='ltr'><em>has</em></span> <span class='ocrx_word' id='word_1_170' title='bbox 738 1519 848 1560; x_wconf 83' lang='lat' dir='ltr'><em>quas</em></span> <span class='ocrx_word' id='word_1_171' title='bbox 892 1505 1220 1546; x_wconf 89' lang='lat' dir='ltr'><em>commemoravi</em></span> <span class='ocrx_word' id='word_1_172' title='bbox 1263 1517 1426 1545; x_wconf 85' lang='lat' dir='ltr'><em>causas</em></span> <span class='ocrx_word' id='word_1_173' title='bbox 1468 1502 1580 1544; x_wconf 77' lang='lat' dir='ltr'><em>mihi</em></span> <span class='ocrx_word' id='word_1_174' title='bbox 1622 1515 1771 1543; x_wconf 69' lang='lat' dir='ltr'><em>occur,—</em></span> 
     </span>
     <span class='ocr_line' id='line_1_23' title="bbox 276 1558 1773 1616; baseline -0.002 -15"><span class='ocrx_word' id='word_1_175' title='bbox 276 1567 383 1601; x_wconf 90' lang='lat' dir='ltr'><em>runt</em></span> <span class='ocrx_word' id='word_1_176' title='bbox 427 1560 588 1612; x_wconf 83' lang='lat' dir='ltr'><em>nullae,</em></span> <span class='ocrx_word' id='word_1_177' title='bbox 636 1561 793 1616; x_wconf 77' lang='lat' dir='ltr'><em>quibus</em></span> <span class='ocrx_word' id='word_1_178' title='bbox 839 1560 1056 1612; x_wconf 84' lang='lat' dir='ltr'><em>adducar,</em></span> <span class='ocrx_word' id='word_1_179' title='bbox 1104 1566 1150 1601; x_wconf 87' lang='lat' dir='ltr'><em>ut</em></span> <span class='ocrx_word' id='word_1_180' title='bbox 1188 1559 1471 1601; x_wconf 88' lang='lat' dir='ltr'><em>Waltramum</em></span> <span class='ocrx_word' id='word_1_181' title='bbox 1521 1558 1773 1612; x_wconf 84' lang='lat' dir='ltr'><em>episcopum</em></span> 
     </span>
     <span class='ocr_line' id='line_1_24' title="bbox 277 1611 1773 1672; baseline -0.002 -15"><span class='ocrx_word' id='word_1_182' title='bbox 277 1615 653 1672; x_wconf 72' lang='lat' dir='ltr'><em>Numburqensem</em></span> <span class='ocrx_word' id='word_1_183' title='bbox 701 1616 951 1671; x_wconf 73' lang='lat' dir='ltr'><em>apoloqiam</em></span> <span class='ocrx_word' id='word_1_184' title='bbox 1010 1617 1240 1671; x_wconf 81' lang='lat' dir='ltr'><em>scripsisse</em></span> <span class='ocrx_word' id='word_1_185' title='bbox 1295 1614 1566 1656; x_wconf 87' lang='lat' dir='ltr'><em>contendam.</em></span> <span class='ocrx_word' id='word_1_186' title='bbox 1639 1611 1773 1654; x_wconf 86' lang='lat' dir='ltr'><em>Nunc</em></span> 
     </span>
     <span class='ocr_line' id='line_1_25' title="bbox 279 1667 1773 1727; baseline -0.003 -14"><span class='ocrx_word' id='word_1_187' title='bbox 279 1677 420 1713; x_wconf 88' lang='lat' dir='ltr'><em>autem</em></span> <span class='ocrx_word' id='word_1_188' title='bbox 510 1673 757 1723; x_wconf 87' lang='lat' dir='ltr'><em>uaerimus,</em></span> <span class='ocrx_word' id='word_1_189' title='bbox 815 1686 919 1712; x_wconf 83' lang='lat' dir='ltr'><em>num</em></span> <span class='ocrx_word' id='word_1_190' title='bbox 968 1672 1076 1727; x_wconf 82' lang='lat' dir='ltr'><em>quid</em></span> <span class='ocrx_word' id='word_1_191' title='bbox 1124 1672 1204 1723; x_wconf 79' lang='lat' dir='ltr'><em>sit,</em></span> <span class='ocrx_word' id='word_1_192' title='bbox 1259 1670 1376 1725; x_wconf 82' lang='lat' dir='ltr'><em>quod</em></span> <span class='ocrx_word' id='word_1_193' title='bbox 1423 1683 1503 1711; x_wconf 89' lang='lat' dir='ltr'><em>nos</em></span> <span class='ocrx_word' id='word_1_194' title='bbox 1559 1667 1773 1723; x_wconf 84' lang='lat' dir='ltr'><em>impediat</em></span> 
     </span>
     <span class='ocr_line' id='line_1_26' title="bbox 279 1687 1771 1782; baseline -0.003 -14"><span class='ocrx_word' id='word_1_195' title='bbox 279 1727 433 1775; x_wconf 87' lang='lat' dir='ltr'><em>dicere,</em></span> <span class='ocrx_word' id='word_1_196' title='bbox 471 1687 756 1768; x_wconf 53' lang='lat' dir='ltr'><em>fffaltramum</em></span> <span class='ocrx_word' id='word_1_197' title='bbox 796 1728 1050 1782; x_wconf 82' lang='lat' dir='ltr'><em>scriptorem</em></span> <span class='ocrx_word' id='word_1_198' title='bbox 1088 1726 1191 1768; x_wconf 80' lang='lat' dir='ltr'><em>libri</em></span> <span class='ocrx_word' id='word_1_199' title='bbox 1233 1726 1374 1768; x_wconf 86' lang='lat' dir='ltr'><em>nostri</em></span> <span class='ocrx_word' id='word_1_200' title='bbox 1403 1740 1506 1766; x_wconf 84' lang='lat' dir='ltr'><em>esse.</em></span> <span class='ocrx_word' id='word_1_201' title='bbox 1563 1724 1644 1766; x_wconf 88' lang='lat' dir='ltr'><em>E&#39;st</em></span> <span class='ocrx_word' id='word_1_202' title='bbox 1675 1724 1771 1780; x_wconf 83' lang='lat' dir='ltr'><em>qui-</em></span> 
     </span>
     <span class='ocr_line' id='line_1_27' title="bbox 279 1780 1774 1838; baseline -0.002 -15"><span class='ocrx_word' id='word_1_203' title='bbox 279 1783 373 1824; x_wconf 90' lang='lat' dir='ltr'><em>dem</em></span> <span class='ocrx_word' id='word_1_204' title='bbox 403 1783 529 1825; x_wconf 83' lang='lat' dir='ltr'><em>nihil.</em></span> <span class='ocrx_word' id='word_1_205' title='bbox 587 1783 707 1824; x_wconf 89' lang='lat' dir='ltr'><em>Nam</em></span> <span class='ocrx_word' id='word_1_206' title='bbox 745 1782 1009 1825; x_wconf 82' lang='lat' dir='ltr'><em>Waltramus</em></span> <span class='ocrx_word' id='word_1_207' title='bbox 1026 1782 1128 1838; x_wconf 87' lang='lat' dir='ltr'><em>fuit</em></span> <span class='ocrx_word' id='word_1_208' title='bbox 1157 1783 1389 1837; x_wconf 80' lang='lat' dir='ltr'><em>episcopus</em></span> <span class='ocrx_word' id='word_1_209' title='bbox 1417 1780 1774 1836; x_wconf 72' lang='lat' dir='ltr'><em>Numburyensis</em></span> 
     </span>
     <span class='ocr_line' id='line_1_28' title="bbox 277 1836 1771 1892; baseline -0.003 -12"><span class='ocrx_word' id='word_1_210' title='bbox 277 1839 380 1880; x_wconf 91' lang='lat' dir='ltr'><em>inde</em></span> <span class='ocrx_word' id='word_1_211' title='bbox 425 1854 452 1880; x_wconf 91' lang='lat' dir='ltr'><em>a</em></span> <span class='ocrx_word' id='word_1_212' title='bbox 489 1853 631 1880; x_wconf 87' lang='lat' dir='ltr'><em>mense</em></span> <span class='ocrx_word' id='word_1_213' title='bbox 669 1838 914 1880; x_wconf 88' lang='lat' dir='ltr'><em>Februario</em></span> <span class='ocrx_word' id='word_1_214' title='bbox 960 1840 1073 1880; x_wconf 89' lang='lat' dir='ltr'><em>anni</em></span> <span class='ocrx_word' id='word_1_215' title='bbox 1105 1838 1211 1879; x_wconf 90' lang='grc'><strong>1091</strong></span> <span class='ocrx_word' id='word_1_216' title='bbox 1258 1842 1330 1892; x_wconf 91' lang='lat' dir='ltr'><em>(ut</em></span> <span class='ocrx_word' id='word_1_217' title='bbox 1373 1852 1516 1892; x_wconf 88' lang='lat' dir='ltr'><em>supra</em></span> <span class='ocrx_word' id='word_1_218' title='bbox 1554 1836 1771 1888; x_wconf 86' lang='lat' dir='ltr'><em>vidimus)</em></span> 
     </span>
     <span class='ocr_line' id='line_1_29' title="bbox 278 1892 1771 1950; baseline -0.002 -15"><span class='ocrx_word' id='word_1_219' title='bbox 278 1909 413 1950; x_wconf 80' lang='lat' dir='ltr'><em>usque</em></span> <span class='ocrx_word' id='word_1_220' title='bbox 454 1894 514 1935; x_wconf 93' lang='lat' dir='ltr'><em>ad</em></span> <span class='ocrx_word' id='word_1_221' title='bbox 551 1909 716 1935; x_wconf 89' lang='lat' dir='ltr'><em>annum</em></span> <span class='ocrx_word' id='word_1_222' title='bbox 757 1895 895 1936; x_wconf 87' lang='lat'>1111.¹</span> <span class='ocrx_word' id='word_1_223' title='bbox 956 1894 1129 1936; x_wconf 87' lang='lat' dir='ltr'><em>Deinde</em></span> <span class='ocrx_word' id='word_1_224' title='bbox 1173 1899 1322 1936; x_wconf 88' lang='lat' dir='ltr'><em>notum</em></span> <span class='ocrx_word' id='word_1_225' title='bbox 1365 1899 1439 1946; x_wconf 89' lang='lat' dir='ltr'><em>est,</em></span> <span class='ocrx_word' id='word_1_226' title='bbox 1485 1892 1771 1936; x_wconf 86' lang='lat' dir='ltr'><em>Waltramum</em></span> 
     </span>
     <span class='ocr_line' id='line_1_30' title="bbox 278 1949 1772 2005; baseline -0.002 -14"><span class='ocrx_word' id='word_1_227' title='bbox 278 1965 440 1991; x_wconf 90' lang='lat' dir='ltr'><em>summo</em></span> <span class='ocrx_word' id='word_1_228' title='bbox 490 1951 633 1992; x_wconf 86' lang='lat' dir='ltr'><em>studio</em></span> <span class='ocrx_word' id='word_1_229' title='bbox 676 1955 831 2005; x_wconf 88' lang='lat' dir='ltr'><em>partes</em></span> <span class='ocrx_word' id='word_1_230' title='bbox 876 1950 1061 1992; x_wconf 89' lang='lat' dir='ltr'><em>Henrici</em></span> <span class='ocrx_word' id='word_1_231' title='bbox 1107 1949 1387 2005; x_wconf 84' lang='lat' dir='ltr'><em>imperatoris</em></span> <span class='ocrx_word' id='word_1_232' title='bbox 1435 1955 1626 1990; x_wconf 85' lang='lat' dir='ltr'><em>secutum</em></span> <span class='ocrx_word' id='word_1_233' title='bbox 1671 1961 1772 1989; x_wconf 87' lang='lat' dir='ltr'><em>esse.</em></span> 
     </span>
     <span class='ocr_line' id='line_1_31' title="bbox 278 2003 1772 2062; baseline -0.002 -15"><span class='ocrx_word' id='word_1_234' title='bbox 278 2006 396 2048; x_wconf 89' lang='lat' dir='ltr'><em>Nam</em></span> <span class='ocrx_word' id='word_1_235' title='bbox 426 2012 566 2048; x_wconf 78' lang='lat' dir='ltr'><em>eaestat</em></span> <span class='ocrx_word' id='word_1_236' title='bbox 594 2008 687 2048; x_wconf 88' lang='lat' dir='ltr'><em>eius</em></span> <span class='ocrx_word' id='word_1_237' title='bbox 718 2005 909 2060; x_wconf 82' lang='lat' dir='ltr'><em>epistula</em></span> <span class='ocrx_word' id='word_1_238' title='bbox 939 2006 1155 2062; x_wconf 81' lang='lat' dir='ltr'><em>quaedam</em></span> <span class='ocrx_word' id='word_1_239' title='bbox 1192 2005 1252 2047; x_wconf 88' lang='lat' dir='ltr'><em>ad</em></span> <span class='ocrx_word' id='word_1_240' title='bbox 1282 2006 1473 2047; x_wconf 87' lang='lat' dir='ltr'><em>comitem</em></span> <span class='ocrx_word' id='word_1_241' title='bbox 1501 2003 1772 2046; x_wconf 83' lang='lat' dir='ltr'><em>Ludovicum</em></span> 
     </span>
     <span class='ocr_line' id='line_1_32' title="bbox 280 2058 1770 2118; baseline -0.003 -15"><span class='ocrx_word' id='word_1_242' title='bbox 280 2061 454 2104; x_wconf 82' lang='lat' dir='ltr'><em>Salium</em></span> <span class='ocrx_word' id='word_1_243' title='bbox 470 2068 498 2115; x_wconf 84' lang='lat'><em>²,</em></span> <span class='ocrx_word' id='word_1_244' title='bbox 530 2077 617 2118; x_wconf 82' lang='lat' dir='ltr'><em>qua</em></span> <span class='ocrx_word' id='word_1_245' title='bbox 648 2077 742 2103; x_wconf 88' lang='lat' dir='ltr'><em>eum</em></span> <span class='ocrx_word' id='word_1_246' title='bbox 772 2063 942 2115; x_wconf 84' lang='lat' dir='ltr'><em>invitat,</em></span> <span class='ocrx_word' id='word_1_247' title='bbox 974 2067 1021 2102; x_wconf 90' lang='lat' dir='ltr'><em>ut</em></span> <span class='ocrx_word' id='word_1_248' title='bbox 1050 2076 1232 2104; x_wconf 89' lang='lat' dir='ltr'><em>causam</em></span> <span class='ocrx_word' id='word_1_249' title='bbox 1263 2061 1544 2116; x_wconf 88' lang='lat' dir='ltr'><em>imperatoris</em></span> <span class='ocrx_word' id='word_1_250' title='bbox 1584 2058 1770 2114; x_wconf 86' lang='lat' dir='ltr'><em>amplec—</em></span> 
     </span>
     <span class='ocr_line' id='line_1_33' title="bbox 279 2114 1771 2173; baseline -0.002 -14"><span class='ocrx_word' id='word_1_251' title='bbox 279 2124 400 2159; x_wconf 87' lang='lat' dir='ltr'><em>tatur</em></span> <span class='ocrx_word' id='word_1_252' title='bbox 438 2124 476 2158; x_wconf 86' lang='lat' dir='ltr'><em>et</em></span> <span class='ocrx_word' id='word_1_253' title='bbox 511 2133 661 2173; x_wconf 83' lang='lat' dir='ltr'><em>papae</em></span> <span class='ocrx_word' id='word_1_254' title='bbox 699 2118 879 2159; x_wconf 86' lang='lat' dir='ltr'><em>deserat.</em></span> <span class='ocrx_word' id='word_1_255' title='bbox 938 2118 1102 2160; x_wconf 88' lang='lat' dir='ltr'><em>Eodem</em></span> <span class='ocrx_word' id='word_1_256' title='bbox 1138 2117 1249 2159; x_wconf 86' lang='lat' dir='ltr'><em>libro</em></span> <span class='ocrx_word' id='word_1_257' title='bbox 1290 2117 1342 2159; x_wconf 91' lang='lat' dir='ltr'><em>de</em></span> <span class='ocrx_word' id='word_1_258' title='bbox 1379 2116 1582 2158; x_wconf 85' lang='lat' dir='ltr'><em>Anselmo</em></span> <span class='ocrx_word' id='word_1_259' title='bbox 1627 2114 1771 2157; x_wconf 75' lang='lat' dir='ltr'><em>archi-</em></span> 
     </span>
     <span class='ocr_line' id='line_1_34' title="bbox 279 2171 1774 2228; baseline -0.002 -14"><span class='ocrx_word' id='word_1_260' title='bbox 279 2189 300 2214; x_wconf 91' lang='lat' dir='ltr'><em>e</em></span> <span class='ocrx_word' id='word_1_261' title='bbox 335 2175 481 2228; x_wconf 84' lang='lat' dir='ltr'><em>iscopo</em></span> <span class='ocrx_word' id='word_1_262' title='bbox 515 2173 873 2217; x_wconf 82' lang='lat' dir='ltr'><em>Canterburiensi</em></span> <span class='ocrx_word' id='word_1_263' title='bbox 901 2180 1140 2216; x_wconf 85' lang='lat' dir='ltr'><em>narratur:</em></span> <span class='ocrx_word' id='word_1_264' title='bbox 1184 2172 1254 2214; x_wconf 84' lang='lat' dir='ltr'><em>Ad</em></span> <span class='ocrx_word' id='word_1_265' title='bbox 1282 2171 1574 2216; x_wconf 74' lang='lat' dir='ltr'><em>Waltramum&#39;</em></span> <span class='ocrx_word' id='word_1_266' title='bbox 1604 2184 1774 2228; x_wconf 90' lang='lat' dir='ltr'><em>quoque</em></span> 
     </span>
    </p>

    <p class='ocr_par' dir='ltr' id='par_1_4' title="bbox 280 2226 1778 2675">
     <span class='ocr_line' id='line_1_35' title="bbox 323 2226 1776 2285; baseline -0.003 -15"><span class='ocrx_word' id='word_1_267' title='bbox 323 2229 654 2285; x_wconf 82' lang='lat' dir='ltr'><em>umburgensem</em></span> <span class='ocrx_word' id='word_1_268' title='bbox 698 2230 952 2285; x_wconf 88' lang='lat' dir='ltr'><em>episcopum</em></span> <span class='ocrx_word' id='word_1_269' title='bbox 996 2229 1049 2271; x_wconf 85' lang='lat' dir='ltr'><em>de</em></span> <span class='ocrx_word' id='word_1_270' title='bbox 1092 2230 1366 2285; x_wconf 81' lang='lat' dir='ltr'><em>processione</em></span> <span class='ocrx_word' id='word_1_271' title='bbox 1411 2228 1595 2284; x_wconf 82' lang='lat' dir='ltr'><em>Spiritus</em></span> <span class='ocrx_word' id='word_1_272' title='bbox 1639 2226 1776 2268; x_wconf 86' lang='lat' dir='ltr'><em>sancti</em></span> 
     </span>
     <span class='ocr_line' id='line_1_36' title="bbox 281 2282 1775 2341; baseline -0.002 -15"><span class='ocrx_word' id='word_1_273' title='bbox 281 2286 453 2340; x_wconf 84' lang='lat' dir='ltr'><em>scripsit</em></span> <span class='ocrx_word' id='word_1_274' title='bbox 482 2283 720 2341; x_wconf 84' lang='lat' dir='ltr'><em>epistulam,</em></span> <span class='ocrx_word' id='word_1_275' title='bbox 750 2286 795 2326; x_wconf 90' lang='lat' dir='ltr'><em>in</em></span> <span class='ocrx_word' id='word_1_276' title='bbox 825 2286 946 2326; x_wconf 84' lang='lat' dir='ltr'><em>euius</em></span> <span class='ocrx_word' id='word_1_277' title='bbox 977 2286 1116 2341; x_wconf 85' lang='lat' dir='ltr'><em>capite</em></span> <span class='ocrx_word' id='word_1_278' title='bbox 1144 2286 1287 2340; x_wconf 90' lang='lat' dir='ltr'><em>ipsum</em></span> <span class='ocrx_word' id='word_1_279' title='bbox 1301 2283 1587 2326; x_wconf 84' lang='lat' dir='ltr'><em>Waltramum</em></span> <span class='ocrx_word' id='word_1_280' title='bbox 1612 2282 1775 2338; x_wconf 83' lang='lat' dir='ltr'><em>episco-</em></span> 
     </span>
     <span class='ocr_line' id='line_1_37' title="bbox 280 2338 1776 2396; baseline -0.003 -14"><span class='ocrx_word' id='word_1_281' title='bbox 280 2355 397 2396; x_wconf 84' lang='lat' dir='ltr'><em>pum,</em></span> <span class='ocrx_word' id='word_1_282' title='bbox 440 2341 648 2382; x_wconf 81' lang='lat' dir='ltr'><em>fautorem</em></span> <span class='ocrx_word' id='word_1_283' title='bbox 690 2341 880 2393; x_wconf 87' lang='lat' dir='ltr'><em>Henrici‚</em></span> <span class='ocrx_word' id='word_1_284' title='bbox 924 2341 1198 2383; x_wconf 85' lang='lat' dir='ltr'><em>vehementer</em></span> <span class='ocrx_word' id='word_1_285' title='bbox 1241 2340 1461 2395; x_wconf 84' lang='lat' dir='ltr'><em>redarguit</em></span> <span class='ocrx_word' id='word_1_286' title='bbox 1502 2345 1577 2381; x_wconf 91' lang='lat' dir='ltr'><em>etc.</em></span> <span class='ocrx_word' id='word_1_287' title='bbox 1640 2338 1776 2381; x_wconf 85' lang='lat' dir='ltr'><em>Cuius</em></span> 
     </span>
     <span class='ocr_line' id='line_1_38' title="bbox 282 2395 1775 2454; baseline -0.001 -17"><span class='ocrx_word' id='word_1_288' title='bbox 282 2397 490 2451; x_wconf 85' lang='lat' dir='ltr'><em>epistulae</em></span> <span class='ocrx_word' id='word_1_289' title='bbox 519 2398 696 2439; x_wconf 87' lang='lat' dir='ltr'><em>initium</em></span> <span class='ocrx_word' id='word_1_290' title='bbox 726 2398 885 2439; x_wconf 88' lang='lat' dir='ltr'><em>severis</em></span> <span class='ocrx_word' id='word_1_291' title='bbox 905 2398 1044 2440; x_wconf 88' lang='lat' dir='ltr'><em>verbis</em></span> <span class='ocrx_word' id='word_1_292' title='bbox 1058 2398 1289 2454; x_wconf 81' lang='lat' dir='ltr'><em>plenisque</em></span> <span class='ocrx_word' id='word_1_293' title='bbox 1310 2397 1616 2451; x_wconf 62' lang='lat' dir='ltr'><em>castigationis</em></span> <span class='ocrx_word' id='word_1_294' title='bbox 1635 2395 1775 2449; x_wconf 83' lang='lat' dir='ltr'><em>scrip-</em></span> 
     </span>
     <span class='ocr_line' id='line_1_39' title="bbox 280 2451 1778 2509; baseline -0.002 -16"><span class='ocrx_word' id='word_1_295' title='bbox 280 2459 371 2493; x_wconf 86' lang='lat' dir='ltr'><em>tum</em></span> <span class='ocrx_word' id='word_1_296' title='bbox 402 2453 478 2494; x_wconf 75' lang='lat' dir='ltr'><em>hoc</em></span> <span class='ocrx_word' id='word_1_297' title='bbox 508 2459 592 2494; x_wconf 84' lang='lat' dir='ltr'><em>est:</em></span> <span class='ocrx_word' id='word_1_298' title='bbox 625 2452 786 2494; x_wconf 84' lang='lat' dir='ltr'><em>Scienti</em></span> <span class='ocrx_word' id='word_1_299' title='bbox 817 2451 1001 2496; x_wconf 86' lang='lat' dir='ltr'><em>breviter</em></span> <span class='ocrx_word' id='word_1_300' title='bbox 1028 2453 1191 2509; x_wconf 90' lang='lat' dir='ltr'><em>loquor.</em></span> <span class='ocrx_word' id='word_1_301' title='bbox 1252 2453 1297 2494; x_wconf 88' lang='lat' dir='ltr'><em>Si</em></span> <span class='ocrx_word' id='word_1_302' title='bbox 1328 2458 1470 2493; x_wconf 87' lang='lat' dir='ltr'><em>certus</em></span> <span class='ocrx_word' id='word_1_303' title='bbox 1499 2465 1651 2503; x_wconf 83' lang='lat' dir='ltr'><em>essem,</em></span> <span class='ocrx_word' id='word_1_304' title='bbox 1679 2463 1778 2505; x_wconf 89' lang='lat' dir='ltr'><em>pru-</em></span> 
     </span>
     <span class='ocr_line' id='line_1_40' title="bbox 282 2506 1776 2552; baseline -0.001 -4"><span class='ocrx_word' id='word_1_305' title='bbox 282 2507 471 2549; x_wconf 87' lang='lat' dir='ltr'><em>dentiam</em></span> <span class='ocrx_word' id='word_1_306' title='bbox 516 2515 699 2550; x_wconf 85' lang='lat' dir='ltr'><em>vestram</em></span> <span class='ocrx_word' id='word_1_307' title='bbox 744 2522 830 2549; x_wconf 90' lang='lat' dir='ltr'><em>non</em></span> <span class='ocrx_word' id='word_1_308' title='bbox 878 2508 1022 2552; x_wconf 84' lang='lat' dir='ltr'><em>favere</em></span> <span class='ocrx_word' id='word_1_309' title='bbox 1071 2510 1309 2551; x_wconf 82' lang='lat' dir='ltr'><em>successori</em></span> <span class='ocrx_word' id='word_1_310' title='bbox 1351 2506 1449 2549; x_wconf 89' lang='lat' dir='ltr'><em>Iulii</em></span> <span class='ocrx_word' id='word_1_311' title='bbox 1493 2506 1690 2548; x_wconf 84' lang='lat' dir='ltr'><em>Caesaris</em></span> <span class='ocrx_word' id='word_1_312' title='bbox 1734 2511 1776 2547; x_wconf 86' lang='lat' dir='ltr'><em>et</em></span> 
     </span>
     <span class='ocr_line' id='line_1_41' title="bbox 281 2561 1774 2620; baseline -0.002 -16"><span class='ocrx_word' id='word_1_313' title='bbox 281 2563 464 2604; x_wconf 85' lang='lat' dir='ltr'><em>Neronis</em></span> <span class='ocrx_word' id='word_1_314' title='bbox 494 2571 537 2606; x_wconf 85' lang='lat' dir='ltr'><em>et</em></span> <span class='ocrx_word' id='word_1_315' title='bbox 564 2563 719 2605; x_wconf 88' lang='lat' dir='ltr'><em>Iuliani</em></span> <span class='ocrx_word' id='word_1_316' title='bbox 739 2564 975 2620; x_wconf 85' lang='lat' dir='ltr'><em>Apostatae</em></span> <span class='ocrx_word' id='word_1_317' title='bbox 1005 2572 1154 2607; x_wconf 87' lang='lat' dir='ltr'><em>contra</em></span> <span class='ocrx_word' id='word_1_318' title='bbox 1184 2578 1474 2606; x_wconf 87' lang='lat' dir='ltr'><em>successorem</em></span> <span class='ocrx_word' id='word_1_319' title='bbox 1504 2567 1546 2604; x_wconf 84' lang='lat' dir='ltr'><em>et</em></span> <span class='ocrx_word' id='word_1_320' title='bbox 1569 2561 1774 2604; x_wconf 84' lang='lat' dir='ltr'><em>vicarium</em></span> 
     </span>
     <span class='ocr_line' id='line_1_42' title="bbox 282 2619 1776 2675; baseline -0.002 -14"><span class='ocrx_word' id='word_1_321' title='bbox 282 2620 399 2661; x_wconf 84' lang='lat' dir='ltr'><em>Petri</em></span> <span class='ocrx_word' id='word_1_322' title='bbox 436 2619 630 2675; x_wconf 83' lang='lat' dir='ltr'><em>apostoli,</em></span> <span class='ocrx_word' id='word_1_323' title='bbox 670 2620 949 2662; x_wconf 87' lang='lat' dir='ltr'><em>libentissime</em></span> <span class='ocrx_word' id='word_1_324' title='bbox 985 2636 1061 2663; x_wconf 88' lang='lat' dir='ltr'><em>vos</em></span> <span class='ocrx_word' id='word_1_325' title='bbox 1098 2626 1145 2662; x_wconf 85' lang='lat' dir='ltr'><em>ut</em></span> <span class='ocrx_word' id='word_1_326' title='bbox 1173 2620 1481 2662; x_wconf 85' lang='lat' dir='ltr'><em>amicissimum</em></span> <span class='ocrx_word' id='word_1_327' title='bbox 1513 2624 1555 2660; x_wconf 85' lang='lat' dir='ltr'><em>et</em></span> <span class='ocrx_word' id='word_1_328' title='bbox 1581 2631 1776 2660; x_wconf 85' lang='lat' dir='ltr'><em>reveren-</em></span> 
     </span>
    </p>
   </div>
   <div class='ocr_carea' id='block_1_3' title="bbox 283 2752 1775 2895">
    <p class='ocr_par' dir='ltr' id='par_1_5' title="bbox 283 2752 1775 2895">
     <span class='ocr_line' id='line_1_43' title="bbox 286 2752 1775 2798; baseline -0.003 -11"><span class='ocrx_word' id='word_1_329' title='bbox 286 2754 321 2795; x_wconf 92' lang='lat'><em>1)</em></span> <span class='ocrx_word' id='word_1_330' title='bbox 357 2754 398 2787; x_wconf 91' lang='lat' dir='ltr'><em>V.</em></span> <span class='ocrx_word' id='word_1_331' title='bbox 432 2754 561 2787; x_wconf 89' lang='lat' dir='ltr'><em>Chron.</em></span> <span class='ocrx_word' id='word_1_332' title='bbox 590 2754 692 2787; x_wconf 84' lang='lat' dir='ltr'><em>Citiz.</em></span> <span class='ocrx_word' id='word_1_333' title='bbox 731 2766 766 2798; x_wconf 90' lang='lat' dir='ltr'><em>p.</em></span> <span class='ocrx_word' id='word_1_334' title='bbox 796 2754 889 2796; x_wconf 75' lang='lat'><em>1783</em></span> <span class='ocrx_word' id='word_1_335' title='bbox 930 2756 1126 2798; x_wconf 66' lang='lat' dir='ltr'><em>Schottgen</em></span> <span class='ocrx_word' id='word_1_336' title='bbox 1161 2759 1195 2787; x_wconf 81' lang='lat' dir='ltr'><em>et</em></span> <span class='ocrx_word' id='word_1_337' title='bbox 1229 2755 1401 2797; x_wconf 84' lang='lat' dir='ltr'><em>Kreysig,</em></span> <span class='ocrx_word' id='word_1_338' title='bbox 1437 2752 1700 2796; x_wconf 74' lang='lat' dir='ltr'><em>Diplomataria</em></span> <span class='ocrx_word' id='word_1_339' title='bbox 1738 2753 1775 2783; x_wconf 86' lang='lat' dir='ltr'><em>et</em></span> 
     </span>
     <span class='ocr_line' id='line_1_44' title="bbox 283 2797 1774 2847; baseline -0.003 -11"><span class='ocrx_word' id='word_1_340' title='bbox 283 2804 475 2845; x_wconf 79' lang='lat' dir='ltr'><em>scriptores</em></span> <span class='ocrx_word' id='word_1_341' title='bbox 511 2804 630 2836; x_wconf 84' lang='lat' dir='ltr'><em>histor.</em></span> <span class='ocrx_word' id='word_1_342' title='bbox 664 2804 877 2836; x_wconf 77' lang='lat' dir='ltr'><em>Germaniae</em></span> <span class='ocrx_word' id='word_1_343' title='bbox 904 2804 1014 2836; x_wconf 85' lang='lat' dir='ltr'><em>medii</em></span> <span class='ocrx_word' id='word_1_344' title='bbox 1046 2805 1140 2837; x_wconf 83' lang='lat' dir='ltr'><em>aevii</em></span> <span class='ocrx_word' id='word_1_345' title='bbox 1174 2804 1224 2843; x_wconf 93' lang='lat'><em>11,</em></span> <span class='ocrx_word' id='word_1_346' title='bbox 1256 2815 1289 2847; x_wconf 90' lang='lat' dir='ltr'><em>p.</em></span> <span class='ocrx_word' id='word_1_347' title='bbox 1317 2801 1568 2843; x_wconf 81' lang='lat'>154--1560;</span> <span class='ocrx_word' id='word_1_348' title='bbox 1609 2797 1704 2833; x_wconf 66' lang='lat' dir='ltr'><em>Jaffe</em></span> <span class='ocrx_word' id='word_1_349' title='bbox 1730 2799 1774 2837; x_wconf 85' lang='lat' dir='ltr'><em>V,</em></span> 
     </span>
     <span class='ocr_line' id='line_1_45' title="bbox 284 2852 1336 2895; baseline 0.002 -12"><span class='ocrx_word' id='word_1_350' title='bbox 284 2863 318 2894; x_wconf 88' lang='lat' dir='ltr'><em>p.</em></span> <span class='ocrx_word' id='word_1_351' title='bbox 339 2852 422 2883; x_wconf 83' lang='lat'><em>557.</em></span> <span class='ocrx_word' id='word_1_352' title='bbox 511 2853 546 2893; x_wconf 82' lang='lat'><em>2)</em></span> <span class='ocrx_word' id='word_1_353' title='bbox 573 2852 732 2885; x_wconf 84' lang='lat' dir='ltr'><em>Annales</em></span> <span class='ocrx_word' id='word_1_354' title='bbox 760 2853 797 2886; x_wconf 83' lang='lat' dir='ltr'><em>S.</em></span> <span class='ocrx_word' id='word_1_355' title='bbox 826 2853 953 2894; x_wconf 69' lang='lat' dir='ltr'><em>Disib„</em></span> <span class='ocrx_word' id='word_1_356' title='bbox 983 2853 1047 2886; x_wconf 89' lang='lat' dir='ltr'><em>SS.</em></span> <span class='ocrx_word' id='word_1_357' title='bbox 1074 2853 1194 2894; x_wconf 87' lang='lat' dir='ltr'><em>XVII,</em></span> <span class='ocrx_word' id='word_1_358' title='bbox 1219 2864 1254 2895; x_wconf 89' lang='lat' dir='ltr'><em>p.</em></span> <span class='ocrx_word' id='word_1_359' title='bbox 1281 2853 1336 2885; x_wconf 94' lang='lat'><em>10.</em></span> 
     </span>
    </p>
   </div>
  </div>
 </body>
</html>
