1878 3308
325 230 393 264 DE
420 231 631 265 UNITATE
658 232 932 267 ECCLESIAE
961 233 1331 270 CONSERVANDA.
1547 238 1587 269 11

92 341 224 386 fuerit
259 343 302 387 ci
344 343 419 400 qui
462 349 527 386 est
570 343 826 387 huiusmodi.
895 345 1040 387 Haec⁸
1080 351 1144 387 est
1178 346 1440 403 inscripti01,
1481 362 1590 405 quae

94 397 419 442 similitudinem
457 400 674 456 quandam
710 400 881 443 videtur
918 408 1094 466 operata
1123 416 1215 444 esse
1249 402 1293 444 in
1322 417 1426 459 agro
1457 403 1589 446 domi-

0 494 19 513 3
93 454 206 509 ni'oo,
241 455 365 498 iuxta
400 455 518 512 quod
553 457 657 498 dicit
696 457 910 498 Dominus
949 472 993 498 1n
1030 457 1267 513 euangelio,
1306 459 1508 524 quoniam
1544 461 1589 502 in

71 509 230 554 ,divini
257 512 401 554 medio
432 513 607 554 seminis
636 513 800 555 zizania
829 513 1192 578 superseminavit
1219 515 1417 557 inimicus
1448 512 1775 577 homo.³¹⁸;‘g²·¹⁸·

83 565 254 610 Notum
289 573 355 610 est
388 568 503 610 enim
533 567 600 610 his
628 569 703 625 qui
732 575 901 625 experti
931 574 1043 622 sunt,
1084 570 1315 626 praecipue
1352 577 1494 614 autem
1523 571 1589 614 his
1694 570 1704 580 ”

92 623 171 680 qui
187 623 445 667 divisionem
465 623 670 667 ecclesiae
701 623 940 678 doluerunt,
970 624 1154 681 qualiter
1182 625 1304 668 multi
1333 642 1419 669 non
1448 627 1586 670 solum

90 677 313 733 laieorum,
342 679 421 722 sed
448 681 749 737 episcoporum
788 687 832 723 at
863 695 917 723 ue
946 680 1200 723 clericorum
1231 684 1321 725 sive
1356 683 1585 726 monacho-

87 749 200 788 rum,
228 734 436 780 habentes
467 735 643 792 quidem
671 735 811 779 zelum
887 737 939 784 ei,
970 737 1046 779 sed
1076 753 1161 780 non
1191 739 1426 781 secundum
1453 740 1587 782 scien·
1601 754 1690 781 nom.
1704 755 1792 790 10,2.

86 790 210 844 tiam,
238 793 351 835 sicut
378 793 440 835 ait
466 791 696 849 apostoluS,
731 793 1047 849 suspenderunt
1080 809 1125 836 se
1164 809 1215 836 ac
1254 803 1588 852 segregaverunt

76 860 119 890 'a
146 849 446 890 communione
473 849 605 891 totius
635 848 751 891 orbis
782 848 1071 899 ecclesiarum,
1108 857 1317 907 quotquot
1353 852 1587 894 communi·

84 910 193 947 cant
220 905 356 947 nostri
384 905 591 961 temporis
620 906 712 961 regi
743 905 1005 947 Francorum
1036 913 1078 948 et
1106 907 1354 962 imperatori
1374 907 1586 950 Romano-

86 973 203 1011 rum,
231 960 401 1018 ipsique
431 961 622 1003 exientes
635 960 695 991 ¹’·²
724 975 751 1002 a
770 961 908 1014 nobis,
937 976 1021 1004 non
1052 976 1130 1004 nos
1159 961 1214 1004 ab
1244 963 1362 1018 ipsis,
1386 970 1588 1006 verentur

84 1014 216 1059 nobis
245 1017 563 1059 communicare
592 1016 661 1059 vel
686 1017 731 1058 in
760 1016 974 1074 colloquio
1011 1017 1079 1060 vel
1117 1018 1162 1059 in
1191 1020 1311 1074 pacis
1341 1018 1487 1061 osculo
1517 1019 1587 1061 vel

83 1071 136 1114 in
153 1072 358 1115 orationis
387 1072 539 1119 studio.
585 1073 771 1116 Proinde
793 1087 889 1115 cum
911 1075 1108 1129 superior
1127 1089 1267 1117 sermo
1289 1076 1392 1117 satis
1413 1077 1586 1118 demon-

85 1128 303 1179 straverit,
339 1129 468 1170 nimis
504 1143 598 1172 esse
628 1130 890 1171 contrarium
920 1129 1091 1172 divinae
1121 1130 1379 1173 ordinationi
1409 1132 1585 1187 pariter-

85 1197 175 1250 que
202 1184 518 1228 ecclesiasticae
546 1186 658 1241 paci,
686 1186 966 1242 potestatibus
995 1201 1082 1228 non
1113 1187 1336 1229 subiacere
1368 1186 1585 1230 sublimio-

68 1237 223 1296 Anbus,
250 1239 305 1284 de
325 1247 467 1284 cetero
488 1256 757 1298 quaeramus,
788 1242 824 1283 si
854 1241 966 1284 iusta
993 1242 1122 1284 fuerit
1149 1242 1222 1284 illa
1248 1242 1425 1284 offensio
1446 1257 1585 1299 papae

88 1295 297 1340 adversus
325 1311 486 1353 regem,
516 1296 653 1353 qualis
684 1303 798 1340 certe
828 1297 975 1339 divisit
1003 1297 1209 1340 ecclesiae
1245 1299 1465 1351 unitatem,
1506 1314 1584 1355 pro

87 1351 212 1394 cuius
242 1350 406 1395 scilicet
433 1353 607 1396 unitatis
636 1368 781 1395 amore
810 1360 946 1395 totum
977 1354 1159 1409 agimus,
1197 1354 1401 1411 quicquid
1431 1354 1584 1396 horum

87 1406 223 1451 locuti
249 1407 468 1461 fuerimus,
499 1423 585 1450 non
614 1424 692 1465 pro
723 1409 969 1452 defensione
998 1411 1132 1466 partis
1169 1409 1354 1462 alterius,
1396 1409 1584 1467 quando-

88 1464 264 1521 quidem
300 1473 443 1521 partes
482 1465 526 1506 in
567 1464 751 1508 ecclesia
786 1464 892 1507 nolit
921 1481 1013 1508 esse
1044 1466 1179 1518 Deus,
1217 1467 1419 1522 quoniam
1448 1473 1582 1508 totum

88 1518 296 1563 ecclesiae
340 1535 518 1577 corpus,
561 1522 684 1563 cuius
728 1527 857 1578 caput
900 1529 965 1565 est
1013 1521 1232 1574 Christus,
1272 1522 1454 1564 redemit
1491 1523 1584 1578 ipse

89 1574 300 1631 Christus,
329 1576 524 1634 ideoque,
555 1576 631 1619 ubi
652 1591 739 1619 non
759 1583 823 1619 est
852 1583 1002 1630 totum,
1031 1578 1147 1634 quod
1178 1577 1335 1620 dicitur
1359 1577 1584 1631 catholica,

87 1631 171 1675 hoc
190 1638 256 1676 est
273 1632 526 1675 universalis
546 1632 741 1686 ecclesia,
771 1633 832 1676 ibi
851 1648 938 1675 non
958 1639 1023 1676 est
1052 1633 1224 1687 Christi,
1255 1634 1330 1676 sed
1351 1633 1584 1689 malignan-

86 1687 197 1732 tium
226 1688 420 1743 ecclesia,
450 1703 560 1746 quae
591 1688 728 1731 divisa
757 1696 822 1732 est
850 1690 894 1731 in
923 1697 1045 1746 parte
1075 1689 1233 1746 aliqua.

202 1746 244 1788 6.
299 1745 414 1788 Ecce
452 1747 565 1788 enim
603 1745 717 1788 idem
757 1745 810 1788 de
849 1760 935 1802 quo
981 1746 1124 1811 agitur
1170 1761 1285 1802 papa
1327 1744 1585 1788 Hildebrant

69 1801 283 1858 suscepit
309 1800 541 1867 aliquando
571 1802 615 1843 in
635 1802 906 1844 accusatione
936 1817 1049 1858 regls
1079 1802 1240 1858 scripta
1270 1801 1458 1844 hostium
1489 1815 1582 1843 suo-

90 1870 200 1911 rum,
230 1863 274 1900 et
302 1856 483 1914 proinde
515 1858 907 1900 excommunicavit
936 1872 1047 1911 eum,
1086 1856 1435 1914 quandoquidem
1472 1859 1582 1899 sacri

92 1926 276 1956 canones
306 1914 579 1965 constituant,
610 1927 695 1955 non
726 1928 852 1978 posse
882 1913 1060 1970 aliquos,
1101 1914 1172 1970 qui
1210 1921 1307 1955 ante
1338 1913 1581 1955 hesternum

90 1968 204 2012 diem
241 1975 317 2011 aut
344 1968 649 2011 nudiustertius
686 1970 847 2010 inimici
878 1970 1062 2022 fuerunt,
1099 1968 1167 2010 vel
1205 1975 1477 2011 accusatores
1514 1967 1583 2009 vel

88 2031 219 2068 testes
238 2024 345 2078 fieri,
373 2039 453 2066 nec
474 2024 630 2067 debere
650 2039 728 2080 per
747 2026 907 2080 scripta
926 2024 1052 2066 ullius
1071 2024 1387 2066 accusationem
1408 2024 1582 2080 suscipi,

91 2094 172 2124 nec
209 2087 503 2123 accusatorem
540 2079 715 2123 absente
755 2079 1000 2122 adversario
1040 2079 1193 2124 audiri.
1254 2080 1341 2122 Sed
1380 2094 1456 2121 rex
1487 2094 1583 2136 pro·

88 2136 227 2180 fectus
256 2142 322 2179 est
349 2136 394 2178 in
422 2136 589 2179 Italiam
620 2136 912 2179 satisfacturus
942 2137 1134 2178 Romano
1164 2135 1354 2191 pontifici
1389 2150 1466 2192 pro
1497 2134 1582 2177 cul-

89 2193 172 2259 piS,
211 2192 377 2250 quibus
409 2207 455 2235 se
496 2193 944 2235 excommunicaverat
982 2199 1024 2235 et
1053 2193 1173 2249 quasi
1205 2192 1416 2248 privatum
1448 2206 1582 2247 regno

90 2262 178 2292 lam
212 2248 423 2302 effecerat,
460 2247 741 2305 depositoque
778 2248 893 2290 cultu
930 2249 1048 2304 regio
1089 2255 1131 2290 et
1165 2247 1314 2290 habitu
1343 2246 1581 2303 supplicem

93 2317 140 2348 se
167 2319 246 2362 per
273 2305 417 2347 omnia
445 2319 496 2347 ac
526 2305 813 2361 poenitentem
845 2304 1036 2357 obtulit³‚
1067 2318 1147 2346 nec
1168 2304 1284 2360 prius
1306 2304 1421 2345 omni
1442 2303 1583 2346 officio

92 2424 124 2459 ι)
146 2425 210 2452 Nec
234 2427 260 2453 1.
340 2425 371 2458 b)
394 2426 555 2457 exigente·
581 2428 604 2451 ι.

95 2526 132 2568 1)
158 2525 214 2560 cf.
239 2527 351 2560 verba
378 2538 408 2560 c.
434 2526 476 2559 8:
511 2538 622 2570 quare
649 2526 712 2560 Ιιοσ
738 2525 927 2569 scripserit,
953 2530 984 2559 e!
1008 2536 1119 2568 qnare
1145 2525 1182 2557 in
1208 2536 1294 2568 aqro
1321 2524 1493 2558 dominico
1520 2524 1582 2558 hoc

93 2573 329 2609 seminaverit.
428 2575 465 2616 2)
503 2576 556 2609 Cf.
586 2587 615 2609 c.
637 2577 674 2608 ⁷:
707 2580 872 2618 quotquot
911 2573 1166 2608 communicant
1200 2573 1275 2617 req?
1301 2573 1520 2607 Francorum
1551 2579 1582 2606 et

91 2621 299 2666 imperatori
331 2622 582 2664 Romanorum,
617 2624 666 2657 ita
699 2629 736 2657 ul
761 2629 926 2658 exeuntes
953 2635 975 2655 a
1000 2622 1112 2664 nobis,
1137 2633 1208 2655 non
1234 2633 1298 2654 noe
1324 2622 1368 2655 ab
1392 2622 1479 2665 ipsiu
1513 2626 1581 2656 etc.

95 2670 132 2713 8)
158 2670 214 2705 cf.
242 2682 274 2704 c.
305 2671 360 2704 15.
389 2671 470 2705 libri
496 2672 552 2713 113
584 2673 677 2706 Ann.
704 2673 901 2713 Lamberti,
929 2673 994 2706 SS.
1012 2672 1053 2713 V,
1080 2683 1116 2715 p.
1143 2671 1225 2704 259.
1253 2670 1344 2712 2603
1377 2671 1467 2704 Anu.
1496 2671 1581 2703 Ber-

95 2718 232 2759 aroldi,
271 2719 396 2760 SS.V,
438 2732 472 2763 p.
500 2721 590 2762 2903
632 2722 842 2755 Bonithonis
874 2722 953 2754 libr.
988 2720 1034 2752 ad
1067 2731 1136 2753 am.
1162 2720 1274 2760 vl113
1309 2720 1465 2761 Donino,
1499 2720 1583 2752 Vita

93 2767 291 2806 nanthildis,
325 2768 391 2802 SS.
418 2769 502 2808 XII,
536 2780 568 2812 p.
595 2769 686 2811 8823
727 2770 908 2814 Epistulas
939 2770 1103 2811 Gregorii
1130 2768 1288 2811 (epistul.
1320 2768 1496 2802 collectae
1527 2768 1582 2806 17,

89 2815 185 2851 Jaffd
228 2828 262 2860 p.
291 2817 374 2858 543,
414 2821 449 2851 et
483 2817 685 2860 Regina-um
717 2819 780 2859 IV,
811 2819 888 2861 12);
932 2818 1077 2859 Ranke,
1116 2818 1198 2850 ‘Zur
1231 2817 1347 2851 Kritik
1385 2816 1582 2850 frankisch-

93 2865 285 2900 deutscher
310 2865 656 2900 Reichsanualisten'
683 2878 717 2911 p.
741 2868 947 2901 ⁴33-458.
