1878 3308
213 830 321 857 naith.

210 870 256 905 22,
271 871 318 898 21.

336 291 380 323 66
588 291 654 324 DE
680 290 889 324 UNITATE
917 289 1185 323 ECCLESIAE
1213 287 1580 323 CONSERVANDA.

335 409 467 440 aure3⁸¹
493 406 660 448 historiis,
687 417 794 450 quam
820 417 925 449 saepe
944 406 1132 449 praesules
1156 417 1228 439 non
1253 407 1363 439 solum
1381 404 1576 449 apostolici,
1602 405 1664 439 sed
1687 409 1719 439 et
1736 416 1825 448 pro·

334 455 503 490 vinciales
528 456 567 489 in
584 456 822 500 defensionem
839 455 930 488 iuris
948 454 1110 489 canonici
1126 454 1238 498 reyali
1257 455 1330 489 aive
1355 454 1581 498 imperatorio
1606 463 1677 487 non
1697 465 1827 498 peper-

335 517 457 544 cerunt
481 511 625 545 nomini.
675 500 733 542 Et
752 500 987 556 subiungit,
1019 499 1136 565 quod
1155 499 1428 542 Innocentius
1452 513 1568 597 papa
1586 498 1824 542 Arcadium

334 557 637 612 imperatorem
679 556 760 600 sub
791 556 1074 599 anathematis
1103 554 1272 598 vinculo
1314 571 1341 598 a
1379 555 1463 599 fide
1481 556 1571 597 ium
1609 556 1824 598 consortio

334 612 609 669 separaverit,
640 613 755 669 quod
785 628 913 670 quam
943 628 1093 655 verum
1124 613 1191 667 sit,
1221 627 1277 655 ex
1303 611 1370 654 his
1408 626 1516 668 quae
1544 612 1589 653 in
1613 612 1824 669 superiori

333 668 468 710 libr0¹
500 669 751 725 scripsimus
779 668 849 712 vel
878 669 931 711 de
961 668 1147 711 Arcadio
1176 667 1245 711 vel
1274 667 1328 710 de
1357 668 1607 711 Innocentio
1642 669 1827 726 quisque

335 724 518 781 diligens
547 725 672 768 facile
701 725 955 782 pervidebit.
1015 724 1125 768 Cum
1156 731 1267 767 certe
1297 724 1573 767 Innocentius
1632 738 1716 781 apa
1750 723 1823 766 ob-

335 782 652 823 servantissime
673 781 926 824 custodierit
953 796 1052 824 cum
1074 781 1273 823 omnibus
1303 780 1462 822 sanctis
1482 779 1595 837 patri
1625 794 1677 823 us
1696 795 1824 823 euan-

329 837 516 893 gelicam
556 837 666 879 hanc
703 837 896 895 regulam
927 838 1117 892 Domini,
1153 842 1201 880 ut
1235 837 1463 880 redderent
1499 851 1551 879 ea
1613 846 1695 879 uae
1728 843 1827 879 sunt

335 894 519 936 caesaris
558 895 733 946 caesari,
771 909 869 936 cum
905 895 985 937 rite
1025 909 1110 936 non
1147 899 1323 951 possent
1355 892 1478 935 aliter
1515 891 1590 935 red
1625 908 1695 936 ere
1729 892 1825 935 Deo

364 964 443 992 uae
459 956 557 992 sunt
578 951 673 1005 Dei,
693 951 876 1008 ideoque
896 950 1019 993 iuxta
1037 951 1150 1008 quod
1167 965 1298 1006 supra
1317 949 1479 992 dictum
1499 956 1562 992 est
1574 957 1589 979 ²
1611 963 1666 991 ex
1681 948 1827 991 verbis

378 1005 496 1048 elasii
525 1021 677 1072 papae,
708 1007 904 1049 ordinata
932 1014 996 1049 est
1029 1022 1055 1048 a
1094 1007 1190 1050 Deo
1231 1007 1341 1048 sicut
1377 1010 1545 1048 sacrata
1572 1005 1824 1062 pontificum

331 1063 562 1105 auctoritas
591 1069 652 1105 1ta
680 1071 722 1105 et
741 1062 896 1120 regalis
915 1069 1117 1120 potestas,
1147 1068 1194 1105 ut
1213 1062 1430 1104 christiani
1449 1062 1726 1118 imperatores
1746 1076 1827 1118 pro

332 1125 505 1161 aeterna
532 1120 622 1161 vita
650 1119 891 1176 indigerent
919 1119 1194 1176 pontificibus
1228 1125 1271 1161 et
1300 1117 1524 1176 pontifices
1554 1132 1633 1175 pro
1661 1125 1824 1175 tempo-

330 1174 484 1217 ralium
523 1189 651 1217 cursu
687 1191 828 1218 rerum
866 1177 923 1217 im
960 1174 1161 1218 erialibus
1198 1182 1418 1218 uterentur
1460 1174 1827 1231 dispositionibus.

333 1232 437 1275 Post
465 1231 572 1274 haec
592 1231 755 1282 scribit,
786 1231 921 1290 quod'
962 1233 1227 1275 onstantinus
1279 1246 1363 1288 apa
1382 1229 1630 1288 Philippum
1651 1231 1824 1273 anathe-

332 1288 612 1342 matizaverit,
644 1289 759 1354 quod
777 1303 858 1331 nec
887 1289 933 1330 in
953 1287 1099 1331 Gestis
1119 1247 1445 1330 Pontigcalibus
1474 1301 1554 1330 nec
1573 1288 1618 1329 in
1637 1286 1824 1329 historiis

331 1344 559 1398 invenitur,
598 1345 673 1386 ubl
710 1350 875 1387 tantum
911 1344 1106 1401 legiturs,
1146 1344 1261 1401 quod
1290 1343 1546 1408 Philippush
1576 1343 1827 1400 supradicto

363 1414 472 1458 apae
501 1400 644 1443 literas
674 1403 798 1458 pravi
818 1401 1033 1458 dogmatis
1054 1400 1272 1454 direxerit,
1304 1415 1410 1485 quas
1437 1399 1507 1447 ille
1537 1413 1636 1441 cum
1655 1405 1827 1456 aposto-

330 1415 440 1499 licae
474 1457 587 1500 sedis
625 1457 806 1500 concilio
849 1457 1025 1514 respuit.
1084 1455 1308 1513 Philippus
1366 1457 1526 1514 quippe
1562 1461 1733 1513 praeter
1767 1456 1827 1511 id,

332 1513 446 1570 quod
483 1519 631 1556 contra
657 1514 943 1557 Iustinianum
980 1514 1285 1570 imperatorem
1320 1526 1501 1570 regnum
1537 1512 1717 1568 adeptus
1747 1519 1825 1566 est,

330 1569 544 1612 hereticus
584 1585 678 1612 esse
717 1570 923 1626 probatus
952 1576 1037 1623 est3
1068 1568 1206 1626 qualis
1235 1570 1321 1611 iam
1351 1568 1564 1612 iudicatus
1594 1574 1670 1622 est,
1699 1569 1824 1611 iuxta

332 1626 447 1682 quod
483 1627 612 1668 etiam
643 1625 842 1669 Gelasius
877 1641 992 1682 papa
1027 1626 1196 1668 scribit:
1241 1635 1376 1678 Nostri,
1402 1625 1600 1681 inquiens
1613 1631 1643 1678 ⁴,
1671 1635 1827 1668 maiores

333 1691 474 1720 auctore
500 1685 684 1720 cuiuslibet
700 1687 865 1720 insaniae
891 1698 934 1719 ac
944 1684 1087 1729 pariter
1103 1697 1220 1719 errore
1237 1685 1407 1718 damnato
1425 1685 1584 1728 sufficere
1600 1683 1823 1725 iudicarunt,

332 1740 372 1768 ut
405 1735 590 1778 quisquisc
616 1734 812 1779 aliquando
838 1735 943 1768 huius
978 1735 1107 1768 erroris
1133 1734 1407 1767 communicator
1431 1734 1602 1774 existeret,
1623 1732 1823 1776 principali

332 1790 505 1824 sententia
537 1790 780 1824 damnationis
816 1790 892 1824 eius
929 1794 1018 1823 esset
1054 1788 1248 1823 obstrictus.
1312 1778 1348 1820 P
1351 1785 1416 1820 ost
1449 1778 1554 1820 haec
1592 1778 1844 1821 introducit.

331 1835 553 1878 historiam
583 1835 636 1878 de
674 1850 777 1891 rege
805 1834 1086 1891 Hyldericho,
1122 1833 1176 1876 de
1216 1848 1301 1891 quo
1336 1835 1438 1876 satis
1479 1834 1641 1877 dictum
1680 1842 1744 1877 est
1777 1835 1823 1876 in

333 1905 384 1933 su
417 1892 545 1934 eriori
582 1891 733 1946 libros,
770 1891 885 1947 apud
925 1905 1052 1948 quem
1089 1904 1168 1932 nec
1205 1891 1325 1946 regia
1361 1896 1551 1946 potestas
1579 1904 1659 1932 nec
1687 1891 1821 1947 impe-

332 1948 396 1990 ria
413 1949 449 1989 is
469 1949 701 1991 auctoritas
720 1963 814 1990 esse
834 1947 1055 2003 probatur,
1084 1946 1266 2003 ideoque
1285 1945 1411 1989 huius
1439 1946 1627 2004 exempli
1656 1954 1823 1989 contro-

333 2005 475 2047 versia
514 2019 540 2046 a
574 2003 700 2046 nobis
736 2018 781 2046 re
815 2004 1001 2048 robatur.
1060 2002 1264 2060 Sequitur
1299 2009 1456 2058 autem,
1515 2003 1601 2046 uod
1630 2002 1823 2046 Adriano

334 2075 449 2118 papa
475 2059 649 2103 iubente
669 2060 779 2103 Caro
797 2075 846 2102 us
866 2059 1153 2116 Desyderium
1181 2073 1326 2115 regem
1357 2073 1453 2101 cum
1472 2059 1500 2101 fi
1519 2060 1560 2102 io
1585 2059 1675 2102 eius
1696 2059 1826 2103 Adal-

334 2118 429 2173 giso
458 2116 610 2160 Italiae
647 2131 780 2173 regno
820 2116 1055 2173 privaverit
1093 2122 1135 2158 et
1171 2115 1285 2158 solus
1314 2114 1482 2158 Italiam
1510 2130 1611 2158 cum
1638 2115 1825 2158 Francia

335 2174 579 2230 optinuerit.
629 2172 754 2216 Certe
782 2172 904 2215 Deus
931 2172 1220 2214 Romanorum
1249 2172 1524 2237 praeparavit
1551 2186 1745 2228 regnum,
1775 2179 1825 2214 ut

334 2228 396 2272 ibi
424 2235 467 2272 et
496 2228 677 2272 ecclesia
705 2236 747 2272 et
775 2229 1004 2285 imperium
1033 2227 1209 2271 haberet
1235 2229 1547 2285 princlpatum3
1582 2227 1682 2270 huic
1714 2228 1824 2271 divi-

334 2301 415 2328 nae
452 2285 709 2328 ordinationi
738 2285 812 2342 qui
848 2285 1018 2336 resistit,
1047 2284 1143 2326 Deo
1170 2284 1347 2326 resistit.
1404 2284 1522 2340 Ergo
1552 2283 1824 2340 Desyderius

336 2348 484 2385 contra
520 2342 756 2384 Romanam
792 2355 884 2383 rem
913 2340 1130 2398 publicam
1167 2339 1294 2382 simul
1330 2345 1373 2382 et
1408 2346 1556 2382 contra
1583 2339 1823 2382 Romanam

336 2398 561 2441 ecclesiam
598 2397 823 2454 pugnavit,
861 2396 1046 2453 ideoque
1081 2411 1159 2438 rex
1197 2396 1289 2452 ipse
1321 2394 1707 2451 Longobardorum
1745 2411 1827 2452 per

335 2454 607 2510 tyrannidem
636 2461 784 2496 contra
813 2453 956 2494 Deum
986 2452 1183 2494 surrexit.
1241 2451 1382 2493 Huius
1415 2452 1478 2493 rei
1506 2452 1646 2508 gratia
1672 2452 1825 2495 Adria-

335 2525 416 2552 nus
445 2524 559 2566 papa
577 2511 750 2552 vocavit
770 2508 971 2552 carolum
1000 2509 1045 2550 in
1073 2506 1281 2549 auxilium
1310 2514 1353 2550 et
1381 2507 1667 2550 defensionem
1689 2507 1824 2551 eccle-

337 2566 425 2608 siae
463 2566 624 2622 pariter
661 2572 704 2608 et
742 2565 805 2607 rei
832 2564 1044 2621 publicae,
1079 2577 1178 2605 cum
1206 2570 1329 2620 pater
1358 2578 1528 2620 quoque
1557 2564 1694 2620 ipsius
1722 2564 1823 2621 Pip-

336 2622 463 2679 pinus
491 2637 571 2664 rex
597 2622 684 2663 iam
713 2622 951 2677 accepisset
978 2619 1241 2676 patritiatum
1280 2619 1473 2662 eiusdem
1504 2620 1722 2662 Romanae
1761 2621 1825 2662 rei

337 2677 551 2736 publicae.
610 2677 697 2720 Sed
736 2675 915 2720 Carolus
952 2690 1050 2718 cum
1089 2689 1247 2731 magna
1287 2675 1536 2719 difficultate
1564 2675 1633 2719 vel
1660 2677 1826 2720 itineris

337 2734 407 2778 vel
446 2733 548 2777 belli
591 2732 884 2790 Desyderium
935 2732 1106 2788 subegit
1144 2738 1187 2774 et
1228 2738 1438 2789 perpetuo
1483 2732 1613 2776 exilio
1648 2732 1823 2775 damna-

338 2819 368 2854 a)
389 2822 492 2846 autem
515 2822 541 2845 1.
621 2817 653 2852 b)
676 2818 869 2850 Philippicas
891 2817 924 2844 L.
942 2821 1026 2850 pont.
1109 2815 1138 2851 c)
1160 2817 1292 2849 quisque
1315 2819 1341 2843 1.

324 2874 378 2927 '1)
406 2883 446 2918 ο.
473 2883 508 2916 9.
596 2881 634 2925 2)
660 2882 741 2915 Lib.
759 2882 791 2924 1,
819 2892 850 2915 ο.
870 2882 904 2915 3.
991 2881 1030 2923 3)
1055 2880 1165 2914 Liber
1189 2881 1314 2925 pontif.
1343 2891 1373 2915 ο.
1391 2880 1450 2924 89,
1477 2882 1647 2915 Muratori
1670 2880 1735 2915 ss
1751 2879 1831 2918 111,

339 2945 373 2978 p.
403 2932 484 2966 153.
597 2930 636 2975 4)
663 2932 780 2965 Mansi
804 2930 826 2967 l.
856 2941 888 2964 ο.
914 2930 1018 2969 VIII,
1044 2941 1080 2974 p.
1108 2930 1168 2964 51.
1267 2928 1306 2972 5)
1334 2930 1374 2964 C.
1403 2930 1435 2964 2.
1463 2931 1498 2964 3.
