1878 3308
318 285 385 320 m:
410 286 624 321 UNITATE
650 286 925 322 ECCLESIAE
953 286 1322 322 CONSERVANDA.
1532 288 1578 320 95

82 401 262 438 saeculari
283 407 460 447 potestate
492 403 651 447 potuerit
677 408 824 447 praeter
854 402 1020 438 ecclesiae
1051 403 1225 437 tramitem
1250 414 1402 446 prorsus
1433 403 1579 437 absolvi.

85 451 291 494 Quantuflss
319 451 412 486 enim
438 452 488 486 ad
511 451 714 497 reliqionem
742 452 908 496 pertinet,
940 464 1012 486 non
1042 451 1114 486 nisi
1139 452 1353 495 apostolicae
1377 451 1455 485 sedi
1478 452 1582 485 iuxta

84 510 236 535 canona
260 500 409 535 debetur
434 501 540 535 totius
572 512 710 534 summa
734 501 872 544 iudicii,
905 505 1077 545 quantum
1110 506 1226 535 autem
1253 501 1302 534 ad
1327 501 1463 534 saeculi
1480 505 1581 544 pote-

83 553 220 592 atatem,
243 549 337 584 illa·
355 561 379 583 a
389 549 615 594 pontificibus
641 555 673 584 et
683 550 880 594 praecipue
906 562 929 583 a
946 550 1040 584 beati
1055 549 1154 584 Petri
1170 550 1306 584 vicario
1332 549 1430 583 debet
1456 561 1581 594 coqno-
1632 545 1634 548 ’

85 600 180 633 scere
217 609 310 642 quae
343 597 470 633 divina
506 603 599 641 sunt,
632 611 704 633 non
739 600 861 634 eadem
893 598 1068 640 iudicare,
1101 610 1164 633 nec
1196 598 1264 632 sibi
1297 598 1362 632 hoc
1395 598 1583 641 quisquam

131 646 346 682 tentissisnm
379 647 525 690 saeculi,
558 646 620 691 qui
652 653 769 682 tamen
802 648 1018 682 christianus
1059 653 1119 689 est,
1152 646 1342 682 vendicare
1370 647 1583 691 praesumit.

125 698 145 735 t
178 691 293 735 idem
336 692 564 736 Gelasius²
605 698 753 736 contra
790 693 1004 746 Acatium,
1047 693 1180 735 immo
1223 698 1372 735 contra
1415 706 1584 734 omnem

83 747 231 805 opisco
262 763 350 803 um,
389 749 464 806 qui
501 748 665 806 aliquid
703 749 912 792 eiusmodi
947 756 1128 806 usurpat
1165 748 1248 791 sibi
1288 756 1435 791 contra
1471 748 1585 790 sedis

86 810 239 861 aposto
258 805 350 848 'cae
377 804 621 848 decretum:
661 815 746 850 C'um
772 821 911 858 constet,
936 827 1071 860 semper
1095 816 1189 850 sedis
1215 815 1427 859 apostolicae
1450 813 1583 848 iudicio

87 863 293 899 Istiusmodi
323 876 499 909 personas
531 870 595 899 aut
628 865 807 899 discussas
842 877 914 900 esse
952 867 1009 899 vel
1035 871 1214 910 purgatas
1246 870 1310 898 aut
1341 864 1391 897 sic
1425 863 1468 896 ab
1501 863 1583 897 aliis

87 913 215 957 quibus
239 914 452 958 competebat
476 915 647 958 episcopis
674 914 866 956 absolutas,
892 918 1066 948 attamen
1083 915 1256 948 absolutio
1281 924 1405 947 earum
1430 923 1473 946 ex
1491 911 1584 946 sedis

89 963 304 1006 apostolieae
336 964 560 997 consensione
592 963 769 1007 penderet,
807 964 869 997 ubi
901 970 1087 1007 utrumque
1113 962 1278 1006 defuerit,
1304 973 1368 996 nec
1393 961 1583 995 discussio-

89 1021 172 1046 nem
200 1011 391 1056 legitimam
423 1023 487 1046 nec
512 1012 764 1057 purgationem
779 1013 925 1055 firmam
951 1024 992 1046 ac
1014 1024 1081 1056 per
1106 1013 1170 1046 hoc
1194 1011 1425 1054 receptionem
1451 1016 1585 1044 constat

80 1065 202 1110 finisse
225 1066 429 1101 indebitam.
475 1067 568 1102 Ecce
600 1067 741 1102 interim
771 1067 811 1100 in
836 1068 903 1110 his,
921 1058 1115 1114 ,inquit³,
1146 1078 1258 1102 causa
1281 1071 1400 1101 vestra
1424 1071 1529 1098 nutat
1554 1071 1586 1098 et

90 1120 236 1163 labitur,
270 1127 302 1156 et
335 1121 368 1157 si
399 1123 488 1157 haec
524 1123 602 1156 sola
638 1123 696 1163 sit,
720 1134 874 1166 prorsus
912 1129 986 1157 tota
1019 1123 1215 1157 subruitur.
1265 1110 1403 1154 Nobis
1441 1117 1585 1152 autem

89 1166 187 1208 ausi
221 1172 320 1209 sunt
353 1181 567 1210 canonum
603 1167 744 1211 facere
782 1169 1054 1222 mentionem,
1094 1174 1241 1211 contra
1280 1182 1387 1225 quos
1416 1181 1587 1222 semper

89 1221 412 1278 ambitionibus,
431 1238 522 1266 sem
557 1239 603 1266 er
619 1223 779 1266 illicitis
799 1225 993 1267 effecisse
1013 1224 1265 1268 excessibus
1285 1230 1587 1275 monstrantur,

89 1281 236 1334 immo,
257 1280 295 1322 si
309 1294 443 1323 causa
461 1239 610 1323 eatibm
629 1280 756 1323 latius
776 1282 1029 1337 inquiratur,
1058 1287 1201 1323 tantae
1220 1279 1308 1322 illic
1329 1278 1588 1335 tragoediae,

90 1336 198 1380 tanti
234 1337 509 1394 reperiuntur
544 1351 722 1390 errores,
759 1343 818 1390 ut,
849 1338 886 1379 si
914 1338 998 1394 ipsi
1028 1338 1114 1380 sint
1140 1337 1304 1380 iudices
1335 1337 1409 1394 qui
1437 1334 1588 1378 eadem

90 1398 407 1449 perpetrarunt,
447 1407 546 1435 cum
575 1393 795 1436 evidenter
822 1393 981 1436 fuerint
1010 1393 1231 1447 confutati,
1260 1407 1286 1434 a
1317 1392 1386 1434 sui
1416 1391 1590 1433 damna-

93 1447 211 1492 tione
238 1462 327 1491 non
354 1454 605 1505 temperent.

206 1504 274 1548 27.
331 1504 470 1561 Igitur
506 1519 593 1548 non
628 1503 728 1548 licet
770 1504 899 1548 alicui
937 1504 1169 1548 christiano
1209 1504 1406 1547 occidere
1445 1517 1591 1561 quem-

93 1573 238 1618 quam,
276 1561 409 1603 immo
447 1576 528 1604 nec
558 1561 713 1615 odisse,
745 1562 949 1618 quoniam
979 1562 1142 1604 iustitia
1170 1561 1498 1603 Pharisaeorum
1528 1564 1593 1602 est

94 1628 182 1659 non
202 1616 413 1670 occidere,
444 1632 531 1659 non
552 1619 760 1675 peierare,
791 1618 889 1660 sed:
919 1618 1057 1661 Amen
1078 1619 1174 1661 dico
1195 1618 1328 1670 vobis,
1357 1617 1418 1659 ait
1440 1613 1766 1680 DOmi·{‘'1³g¹⁸{{,¹¹'

92 1686 188 1726 nus,
217 1673 340 1730 quia,
360 1675 454 1716 nisi
473 1673 766 1718 abundaverit
785 1676 961 1717 iustitia
981 1681 1122 1718 vestra
1144 1673 1253 1730 plus
1273 1688 1404 1729 quam
1423 1672 1589 1714 scriba-
1625 1672 1633 1688 '
1686 1674 1692 1680 '
1746 1672 1755 1681 ”

94 1743 196 1772 rum
230 1735 269 1771 et
296 1729 650 1782 Pharisaeorum,
688 1745 776 1772 non
814 1731 1038 1773 intrabitis
1066 1732 1114 1772 in
1144 1744 1330 1787 reqnum
1359 1728 1590 1771 caetorum.

95 1783 156 1828 Et
173 1783 231 1827 ad
248 1785 341 1828 Noe
365 1792 494 1843 atque
512 1785 569 1829 ad
594 1785 704 1828 filios
725 1787 838 1829 eius:
872 1786 960 1836 Qui
978 1803 999 1829 e
1034 1787 1192 1840 aderit,
1220 1786 1373 1843 inquit,
1405 1799 1499 1838 san·
1523 1784 1590 1826 ui·
1606 1803 1765 1836 comas.

96 1856 193 1884 nem
227 1841 428 1895 hominis,
461 1858 550 1899 pro
580 1844 803 1900 sanquine
839 1844 933 1886 eius
967 1859 987 1884 e
1023 1844 1214 1885 undetur
1242 1843 1429 1898 sanquis
1458 1842 1476 1882 i
1508 1845 1590 1882 ius.

94 1896 255 1940 Anima
284 1898 446 1955 quippe
476 1899 616 1941 omnis
646 1899 788 1941 carnis
818 1906 885 1941 est
912 1900 957 1940 in
978 1900 1202 1954 sanguine.
1250 1897 1441 1953 Ideoque
1461 1896 1591 1938 etiam
1603 1891 1746 1957 θ’ὶξξξῑ·

126 1953 295 2011 uisquis
357 1969 403 1996 er
432 1954 685 1997 scandalum
715 1955 806 1996 sive
836 1956 1116 2011 perversitate
1144 1953 1364 1996 doctrinae
1395 1951 1594 1994 effuderit
1672 1949 1679 1963 ⁷
1721 1949 1729 1957 '

141 2008 202 2052 ud
229 2010 374 2063 vitae,
404 2023 491 2066 quo
519 2010 647 2052 homo
675 2017 914 2066 vegetatur,
944 2011 1052 2053 vivit
1079 2017 1122 2052 et
1151 2014 1425 2061 sustentatur,
1456 2007 1500 2048 in
1524 2006 1594 2048 die

96 2065 247 2108 iudicii
267 2065 507 2108 effundetur
533 2066 589 2108 ab
610 2080 680 2120 eo3
710 2066 791 2108 hoc
821 2073 897 2120 est,
927 2066 1043 2123 quod
1074 2066 1157 2108 sibi
1175 2065 1406 2107 videbatur
1434 2061 1593 2104 habere

96 2121 239 2174 vitale,
280 2128 459 2178 cogetur
494 2122 701 2165 amittere.
762 2123 878 2179 Ergo
915 2137 994 2179 per
1022 2129 1158 2165 totum
1187 2121 1275 2163 fere
1313 2119 1393 2162 hoc
1422 2126 1593 2175 tempus

98 2177 331 2220 memoriae
375 2184 546 2220 nostrae
595 2178 827 2222 effunditur
869 2179 1045 2235 sanguis
1092 2178 1312 2220 hominum
1355 2190 1433 2233 per
1474 2175 1594 2217 viros

97 2234 368 2289 sanguinum,
397 2234 512 2292 quod
537 2235 586 2277 fit
613 2236 845 2291 praecipue
875 2250 930 2277 ex
959 2235 1161 2277 instinctu
1186 2233 1489 2290 episcoporum
1517 2229 1594 2272 ad·

98 2303 247 2333 versae
275 2291 422 2348 partis,
453 2298 501 2334 ut
528 2291 613 2333 iam
644 2292 968 2334 manifestentur
997 2306 1133 2347 opera
1161 2291 1326 2342 carnis,
1357 2302 1468 2344 quae
1493 2292 1595 2328 sunt

97 2347 373 2400 inimicitiae,
413 2350 719 2400 contentiones,
758 2348 1079 2401 aemulationes,
1113 2348 1223 2398 irae,
1252 2346 1394 2398 riaeae,
1424 2344 1592 2386 dissen-

99 2404 258 2457 siones,
296 2409 448 2458 sectae,
488 2404 670 2457 hereses,
707 2405 918 2457 invidiae,
959 2403 1198 2446 homicidia
1238 2408 1276 2443 et
1315 2401 1384 2443 his
1414 2398 1593 2451 similia,

100 2474 213 2516 quae
239 2459 448 2516 praedico
478 2460 611 2515 vobis,
640 2460 700 2503 ait
728 2459 960 2517 apostolus,
990 2461 1100 2502 sicut
1123 2458 1354 2515 praediaei,
1384 2456 1594 2513 quoniam

129 2517 180 2559 ui
220 2515 331 2558 talia
376 2523 517 2573 ayunt
552 2533 735 2574 reqnum
776 2518 862 2559 Dei
898 2532 986 2559 non
1025 2521 1352 2572 consequentur.
1413 2512 1595 2568 Propter

100 2531 208 2615 gaso
236 2572 561 2629 comprimenda
590 2572 852 2616 sacerdotale
880 2572 1102 2624 iudicium,
1133 2570 1247 2628 quod
1268 2574 1464 2612 cruentas
1484 2567 1595 2611 refu-

99 2628 165 2685 git
190 2627 386 2684 ultiones,
415 2631 575 2673 severis
595 2630 921 2673 christianorum
952 2629 1197 2686 principum
1220 2623 1595 2669 constitutionibus

1610 2446 1679 2474 Gal.
1693 2447 1720 2479 δ,

1611 2487 1735 2513 19-81.

102 2778 134 2814 ο)
155 2780 198 2808 ita
219 2781 299 2814 θείη·
320 2782 374 2808 ίΙΙο
398 2783 423 2809 ι.

104 2912 140 2953 1)
165 2911 269 2947 Thiel
295 2913 326 2955 1,
352 2923 387 2957 p.
414 2912 496 2946 347.
597 2910 636 2954 2)
662 2912 754 2947 lbid.
781 2924 815 2957 p.
834 2912 918 2945 42⁷.
1019 2911 1059 2955 3)
1086 2911 1176 2947 lbid.
1206 2924 1239 2956 p.
1266 2911 1350 2945 428.
