1878 3308
329 280 398 313 120
571 280 638 313 DE
663 279 874 314 UNITATE
900 278 1174 314 EOOLESIAE
1202 278 1570 313 CONSERVANDA.

325 407 434 448 rum,
467 402 595 438 scisma
622 402 666 435 ab
692 401 890 436 animorum
921 401 1078 435 scissura
1103 406 1260 442 vocatur,
1298 391 1417 432 cuius
1456 396 1596 434 sectae
1634 390 1817 434 aemula-

325 455 440 492 tores
485 447 757 501 definiuntur,
800 446 915 504 quod
944 456 1062 491 eodem
1087 455 1193 497 cultu,
1220 456 1338 490 eodem
1368 456 1442 490 ritu
1467 458 1612 492 credant
1636 462 1676 492 ut
1701 458 1817 500 ceteri,

327 514 389 549 sed
431 515 502 549 solo
547 513 826 558 congreqationis
872 511 1049 547 discidioa
1091 511 1315 544 delectentur.
1382 510 1444 545 Fit
1485 517 1621 555 autem,
1665 503 1819 559 inquit,

326 563 465 606 scisma,
500 574 578 597 cum
612 561 734 596 dicunt
766 562 939 596 homines.-
977 560 1051 594 Nos
1085 558 1172 593 iusti
1206 571 1338 602 sumus,
1369 571 1433 593 nos
1465 562 1721 605 sanctificamus
1753 562 1820 596 im-

326 618 488 660 mundos,
531 622 562 651 et
603 621 718 651 cetera
759 617 884 650 borum
926 615 1067 649 similia.
1154 604 1241 647 Sed
1296 604 1452 647 scisma
1498 608 1675 662 gravius
1723 613 1821 651 esse

327 662 466 706 scelus
515 677 645 719 quam
693 660 948 715 idolatriam,
998 660 1227 703 didicimus
1271 676 1327 703 ex
1369 661 1612 705 testimonio
1662 663 1822 706 Sacrae

163 719 588 776 Num-1⁶2Scripturae,
620 718 820 775 quoniam
848 716 1004 774 legitur
1031 718 1076 759 in
1092 717 1241 760 Veteri
1261 717 1549 772 Testamento,
1578 717 1818 763 idolatriam

176 761 302 790 εμπ·
326 775 469 832 gladio
513 775 705 831 punitam
753 788 859 826 esse,
904 774 1060 816 scisma
1109 779 1252 816 autem
1295 773 1416 816 hiatu
1456 779 1610 818 terrae.
1682 775 1823 833 Igitur

327 831 610 874 aemulatores
640 831 729 872 sive
749 837 945 872 auctores
971 831 1235 883 scismatum,
1265 844 1373 886 quae
1394 829 1558 872 dudum
1587 831 1702 875 facta
1721 837 1820 874 sunt

328 889 373 930 in
412 885 591 930 ecclesia
627 887 787 943 pariter
826 893 868 928 et
906 887 949 927 in
978 901 1024 928 re
1055 885 1238 943 publica,
1279 892 1428 928 extant
1456 888 1687 944 praecipue
1757 889 1820 930 ui-

328 944 427 987 dam
458 944 531 1001 qui
559 943 760 985 dicuntur
787 942 984 984 monachi
1015 945 1067 985 de
1090 942 1349 998 Hyrsaugia,
1381 957 1436 984 ex
1463 957 1643 1000 quorum
1673 958 1746 987 sco
1763 945 1819 986 ab

328 1000 526 1058 pervenit
554 999 610 1042 ad
631 1013 709 1041 nos
730 998 834 1041 haec
865 998 918 1041 de
939 1013 1024 1055 qua
1053 1004 1283 1041 tractamus
1314 998 1507 1055 epistola,
1538 1013 1648 1056 quae
1669 1006 1819 1043 contra

329 1055 608 1113 apostolicam
634 1055 779 1098 sedem
810 1062 852 1097 et
872 1062 1020 1097 contra
1039 1056 1200 1111 regiam
1221 1060 1477 1111 potestatem
1498 1063 1562 1098 est
1581 1055 1821 1114 descripta3

329 1120 371 1156 et
409 1113 657 1155 intestinum
693 1110 798 1153 illud
835 1111 1007 1165 bellum,
1076 1126 1130 1153 uo
1169 1112 1213 1152 in
1251 1110 1395 1167 plures
1435 1118 1572 1154 sectas
1613 1113 1701 1154 iam
1745 1112 1820 1155 diu

329 1170 489 1211 scissus
529 1174 593 1211 est
629 1166 855 1224 singularis
892 1167 963 1210 ille
1003 1182 1050 1210 or
1083 1182 1107 1210 o
1143 1167 1462 1222 monachorum,
1493 1182 1593 1211 ecce
1622 1169 1821 1226 pervenit

328 1225 384 1268 ad
413 1224 633 1282 publicum
663 1223 835 1267 malum.
882 1223 967 1277 Qui
996 1225 1109 1266 enim
1130 1223 1367 1266 debuerant
1395 1238 1440 1266 se
1461 1225 1678 1268 continere
1706 1226 1821 1268 intra

330 1281 580 1324 solitudines
620 1280 987 1332 monasteriorum,
1031 1281 1192 1336 egressi
1236 1286 1334 1322 sunt
1376 1279 1487 1322 ultra
1529 1281 1734 1324 terminos
1777 1287 1822 1323 et

331 1338 658 1380 constitutiones
689 1344 874 1394 patrum,
905 1351 1007 1378 usur
1041 1343 1160 1379 antes
1199 1335 1283 1378 sibi
1313 1343 1460 1378 contra
1489 1336 1677 1380 divinam
1708 1337 1819 1380 ordi-

327 1394 545 1436 nationem
576 1394 817 1450 disponere,
846 1394 978 1435 immo
1034 1398 1220 1435 estruere
1240 1407 1419 1447 regnum
1450 1399 1493 1435 et
1511 1393 1822 1448 sacerdotium,-

329 1452 403 1507 qui
443 1451 615 1493 mittunt
652 1450 985 1506 circumquaque
1027 1448 1202 1505 angelos
1246 1448 1368 1491 verbi
1404 1449 1470 1490 sui
1508 1448 1823 1506 praedicantes,

329 1507 445 1563 apud
484 1522 529 1550 se
569 1521 755 1563 suosque
793 1512 1022 1548 sectatores
1062 1520 1156 1547 esse
1196 1511 1358 1547 tantum
1401 1504 1624 1548 ecclesiam
1654 1505 1740 1548 Dei
1777 1512 1820 1549 et

327 1563 533 1606 iustitiam
554 1563 639 1605 Dei
668 1569 711 1604 et
730 1568 877 1604 sancta
896 1561 1134 1604 sacerdotia
1152 1560 1260 1616 Dei3
1291 1561 1365 1617 qui
1392 1560 1474 1603 hoc
1495 1561 1621 1604 etiam
1642 1561 1822 1616 addunt,

329 1620 440 1662 sicut
466 1620 658 1676 ipsorum
688 1619 880 1660 indicant
918 1619 1089 1674 scripta,
1163 1617 1249 1659 uod
1279 1619 1363 1658 sint
1392 1616 1595 1660 caelestes
1625 1624 1667 1661 et
1695 1633 1714 1660 s
1748 1618 1818 1660 iri-

329 1674 434 1718 tales
474 1681 517 1717 et
554 1675 631 1716 filii
661 1674 783 1717 Dei¹.
842 1674 958 1730 Ergo
994 1687 1148 1716 monac
1179 1688 1229 1715 us
1258 1674 1564 1729 interpretatur
1593 1673 1657 1715 sin
1733 1675 1821 1716 aris

330 1732 420 1774 sive
450 1730 677 1773 solitarius,
734 1730 802 1772 De
839 1729 1061 1772 monachis
1091 1728 1264 1786 quidem
1300 1729 1381 1770 hoc
1412 1730 1687 1772 constitutum
1717 1729 1822 1787 legi—

329 1795 399 1831 tur
426 1789 473 1829 in
494 1786 834 1830 Chalcedonensi
862 1787 1027 1842 synodo
1039 1793 1068 1839 ²,
1099 1783 1283 1841 capitulo
1304 1786 1349 1827 4:
1383 1794 1455 1836 Qui
1478 1806 1517 1829 re
1543 1807 1628 1830 vera
1653 1800 1686 1830 et
1704 1797 1819 1830 mani·
1855 1794 1858 1796 ’

318 1849 414 1891 feste
434 1847 630 1881 solitariam
647 1846 756 1880 vitam
772 1850 962 1888 sectantur,
981 1847 1110 1879 bonore
1129 1844 1330 1888 competenti
1335 1845 1554 1889 fungantur.
1589 1844 1717 1879 Verum
1734 1857 1819 1889 quo-

328 1897 427 1930 niam
451 1897 622 1940 quidamc
647 1896 712 1929 sub
728 1901 916 1938 praetextu
934 1895 1074 1928 habitus
1091 1894 1308 1928 monachalis
1334 1893 1495 1927 ecclesias
1521 1897 1553 1927 et
1573 1898 1761 1928 conventus
1787 1899 1824 1928 et

329 1957 386 1979 res
412 1956 607 1979 communes
635 1945 848 1986 disturbant,
875 1943 1032 1978 civitates
1057 1944 1243 1977 indiscrete
1269 1941 1520 1976 circumeuntes
1546 1947 1577 1976 et
1603 1943 1822 1978 monasteria

331 1999 529 2028 construere
548 1995 737 2036 studentes,
750 1993 903 2037 placuit,
920 1994 1054 2026 nullum
1073 2003 1224 2035 usquam
1242 1990 1430 2035 aedificare
1440 2002 1546 2034 posse
1562 2002 1674 2035 neque
1698 2003 1822 2026 mona·

330 2044 473 2078 sterium
505 2049 704 2077 construere
737 2053 848 2086 neque
875 2042 1068 2076 oratorium
1101 2042 1230 2084 absque
1264 2040 1416 2074 civitatis
1442 2040 1597 2083 episcopi
1620 2041 1819 2082 voluntate,-

331 2093 520 2126 monacbos
554 2103 648 2135 vero,
684 2091 745 2135 qui
780 2096 863 2124 sunt
888 2103 958 2135 per
982 2091 1142 2135 singulas
1169 2090 1325 2123 civitates
1353 2095 1384 2123 et
1402 2088 1624 2132 provincias,
1649 2089 1824 2133 episcopis

332 2141 490 2176 subditos
529 2153 600 2175 esse
635 2147 666 2175 et
699 2139 848 2184 quietem
882 2141 1039 2184 diligere,
1073 2138 1215 2173 ieiuniis
1247 2142 1279 2172 et
1304 2137 1522 2171 orationibus
1549 2142 1723 2172 contentos
1748 2150 1821 2173 esse

333 2197 365 2224 et
389 2191 428 2225 in
451 2190 523 2224 illis
548 2190 632 2224 locis
651 2200 893 2233 perseverare,
918 2188 957 2222 in
983 2189 1108 2233 quibus
1134 2188 1273 2222 saeculo
1299 2186 1464 2221 videntum
1492 2187 1724 2229 renuntiasse,
1759 2198 1820 2222 ne-

332 2251 512 2284 quaquam
547 2244 662 2273 autem
696 2237 936 2272 ecclesiasticis
970 2238 1027 2271 vel
1058 2236 1299 2270 saecularibus
1333 2236 1436 2270 rebus
1469 2236 1724 2269 communicare
1756 2247 1824 2269 nec

332 2288 629 2332 importunitatem
655 2288 799 2330 inferre,
826 2287 987 2331 propriis
1020 2285 1240 2320 monasteriis
1266 2284 1422 2326 desertis,
1457 2283 1528 2317 nisi
1542 2285 1642 2328 forte
1671 2283 1826 2328 quaesiti

332 2338 467 2371 fuerint
488 2341 636 2381 propter
661 2348 806 2369 causam
830 2336 1064 2370 necessariam
1092 2347 1114 2367 a
1131 2333 1282 2368 civitatis
1309 2333 1478 2376 episcopo.
1517 2332 1599 2366 Non
1618 2344 1691 2366 esse
1708 2333 1823 2367 susci-

327 2385 500 2428 piendum
533 2397 672 2420 servum
693 2385 907 2427 faciendum
939 2384 1147 2418 monachum
1175 2388 1320 2426 praeter
1347 2379 1492 2425 proprii
1522 2381 1657 2415 domini
1694 2382 1823 2415 volun-

334 2439 449 2469 tatem.
495 2434 566 2475 Qui
591 2445 673 2468 vero
699 2435 762 2468 boc
787 2434 1012 2467 constitutum
1036 2437 1195 2466 nostrum
1219 2430 1415 2469 eoecesserit,
1442 2441 1520 2463 eum
1538 2442 1562 2463 a
1581 2430 1823 2464 communione

334 2490 504 2532 suspendi
529 2490 757 2531 decrevimus,
783 2499 827 2522 ne
852 2499 978 2521 nomen
1002 2487 1074 2520 Dei
1099 2486 1366 2529 blasphemetur.
1410 2474 1530 2517 Haec
1559 2480 1624 2518 est
1643 2474 1819 2518 Chalce-

331 2585 362 2621 ε)
385 2587 512 2613 dissidio
535 2588 563 2614 1.
643 2585 674 2619 b)
697 2586 803 2612 scohla
824 2587 852 2612 1.
932 2583 960 2618 c)
980 2585 1024 2610 ita
1043 2584 1214 2616 Hinschius;
1235 2585 1359 2616 quidem
1382 2586 1408 2610 1.

335 2676 370 2717 1)
408 2675 463 2709 cf.
493 2674 606 2708 verba
639 2675 806 2708 carminis
831 2673 1190 2706 Laureshamensium
1223 2672 1474 2706 monachorum
1511 2672 1735 2717 expulsorum
1769 2671 1820 2706 ad!

331 2720 539 2758 Heinricum
559 2725 601 2756 V.
630 2728 753 2757 contra
777 2723 1051 2764 Hirsaugienses
1078 2721 1158 2764 (SS.
1185 2721 1284 2761 XXI,
1310 2733 1343 2765 p.
1366 2721 1476 2765 430):

623 2771 787 2805 Attamen
814 2771 851 2804 bi
876 2771 963 2804 tales
990 2769 1160 2803 simulant
1185 2781 1221 2804 se
1246 2770 1461 2813 spirituales,

626 2820 710 2855 Oum
735 2824 871 2854 tantum
896 2819 965 2853 visi
988 2830 1068 2852 mox
1094 2819 1326 2852 inclamentur
1350 2818 1475 2862 iniqui.
1846 2844 1848 2846 .
1875 2849 1877 2851 ,

334 2871 370 2914 2)
396 2870 590 2905 Hinschius
615 2870 639 2903 1.
660 2881 689 2903 c.
716 2882 751 2914 p.
779 2870 866 2910 2853
894 2869 1011 2902 Mansi
1027 2868 1091 2908 VI,
1118 2880 1151 2911 p.
1177 2869 1289 2910 12263
1316 2879 1464 2911 quorum
1489 2871 1605 2900 textus
1631 2867 1822 2900 sententiis
1866 2865 1878 2888 3

332 2921 487 2963 omnino,
513 2920 631 2953 verbis
656 2921 716 2952 vix
740 2918 852 2953 semel
879 2929 957 2951 cum
984 2918 1052 2951 hoc
1080 2918 1255 2960 congruit.
