<?xml version="1.0" encoding="UTF-8"?>
<!DOCTYPE html PUBLIC "-//W3C//DTD XHTML 1.0 Transitional//EN"
    "http://www.w3.org/TR/xhtml1/DTD/xhtml1-transitional.dtd">
<html xmlns="http://www.w3.org/1999/xhtml" xml:lang="en" lang="en">
 <head>
  <title>
</title>
<meta http-equiv="Content-Type" content="text/html;charset=utf-8" />
  <meta name='ocr-system' content='tesseract 3.04.00' />
  <meta name='ocr-capabilities' content='ocr_page ocr_carea ocr_par ocr_line ocrx_word'/>
</head>
<body>
  <div class='ocr_page' id='page_1' title='image "./waltramiutvidetu00walruoft_0030.png"; bbox 0 0 1878 3308; ppageno 0'>
   <div class='ocr_carea' id='block_1_1' title="bbox 261 283 1516 319">
    <p class='ocr_par' dir='ltr' id='par_1_1' title="bbox 261 283 1516 319">
     <span class='ocr_line' id='line_1_1' title="bbox 261 283 1516 319; baseline 0.002 -4"><span class='ocrx_word' id='word_1_1' title='bbox 261 283 284 315; x_wconf 80' lang='lat'>4</span> <span class='ocrx_word' id='word_1_2' title='bbox 515 283 581 316; x_wconf 86' lang='lat' dir='ltr'><em>DE</em></span> <span class='ocrx_word' id='word_1_3' title='bbox 608 283 820 317; x_wconf 85' lang='lat' dir='ltr'>UNITATE</span> <span class='ocrx_word' id='word_1_4' title='bbox 848 283 1120 316; x_wconf 84' lang='lat' dir='ltr'>ECCLESIAE</span> <span class='ocrx_word' id='word_1_5' title='bbox 1148 283 1516 319; x_wconf 77' lang='lat' dir='ltr'>CONSERVANDA.</span> 
     </span>
    </p>
   </div>
   <div class='ocr_carea' id='block_1_2' title="bbox 39 395 1812 1233">
    <p class='ocr_par' dir='ltr' id='par_1_2' title="bbox 258 395 1755 564">
     <span class='ocr_line' id='line_1_2' title="bbox 259 395 1755 451; baseline 0.001 -13"><span class='ocrx_word' id='word_1_6' title='bbox 259 397 363 438; x_wconf 87' lang='lat' dir='ltr'><em>stati</em></span> <span class='ocrx_word' id='word_1_7' title='bbox 393 410 481 438; x_wconf 92' lang='lat' dir='ltr'><em>non</em></span> <span class='ocrx_word' id='word_1_8' title='bbox 513 401 607 438; x_wconf 87' lang='lat' dir='ltr'><em>erat</em></span> <span class='ocrx_word' id='word_1_9' title='bbox 636 395 771 447; x_wconf 84' lang='lat' dir='ltr'><em>utilis,</em></span> <span class='ocrx_word' id='word_1_10' title='bbox 804 411 831 436; x_wconf 90' lang='lat' dir='ltr'><em>a</em></span> <span class='ocrx_word' id='word_1_11' title='bbox 860 409 995 451; x_wconf 71' lang='lat' dir='ltr'><em>reqno</em></span> <span class='ocrx_word' id='word_1_12' title='bbox 1026 395 1226 450; x_wconf 78' lang='lat' dir='ltr'><strong><em>deposuit</em></strong></span> <span class='ocrx_word' id='word_1_13' title='bbox 1254 401 1292 436; x_wconf 87' lang='lat' dir='ltr'><em>et</em></span> <span class='ocrx_word' id='word_1_14' title='bbox 1314 395 1397 451; x_wconf 84' lang='lat' dir='ltr'><em>Pip</em></span> <span class='ocrx_word' id='word_1_15' title='bbox 1432 397 1569 450; x_wconf 86' lang='lat' dir='ltr'><em>inum,</em></span> <span class='ocrx_word' id='word_1_16' title='bbox 1603 395 1755 440; x_wconf 82' lang='lat' dir='ltr'><em>Caroli</em></span> 
     </span>
     <span class='ocr_line' id='line_1_3' title="bbox 259 411 1753 508; baseline 0.001 -14"><span class='ocrx_word' id='word_1_17' title='bbox 259 453 422 508; x_wconf 62' lang='lat' dir='ltr'><em>Magni</em></span> <span class='ocrx_word' id='word_1_18' title='bbox 460 453 740 507; x_wconf 82' lang='lat' dir='ltr'><em>imperatoris</em></span> <span class='ocrx_word' id='word_1_19' title='bbox 767 457 953 506; x_wconf 87' lang='lat' dir='ltr'><em>patrem,</em></span> <span class='ocrx_word' id='word_1_20' title='bbox 983 452 1028 492; x_wconf 88' lang='lat' dir='ltr'><em>in</em></span> <span class='ocrx_word' id='word_1_21' title='bbox 1065 457 1157 492; x_wconf 86' lang='lat' dir='ltr'><em>eius</em></span> <span class='ocrx_word' id='word_1_22' title='bbox 1194 451 1286 493; x_wconf 88' lang='lat' dir='ltr'><em>loco</em></span> <span class='ocrx_word' id='word_1_23' title='bbox 1331 411 1563 506; x_wconf 51' lang='lat' dir='ltr'><em>sugitituit,</em></span> <span class='ocrx_word' id='word_1_24' title='bbox 1609 467 1753 495; x_wconf 83' lang='lat' dir='ltr'><em>ornnes</em></span> 
     </span>
     <span class='ocr_line' id='line_1_4' title="bbox 258 506 1750 564; baseline 0.001 -15"><span class='ocrx_word' id='word_1_25' title='bbox 258 508 562 564; x_wconf 73' lang='lat' dir='ltr'><em>Franciyenas</em></span> <span class='ocrx_word' id='word_1_26' title='bbox 593 523 621 549; x_wconf 93' lang='lat' dir='ltr'><em>a</em></span> <span class='ocrx_word' id='word_1_27' title='bbox 649 509 893 550; x_wconf 86' lang='lat' dir='ltr'><em>iuramento</em></span> <span class='ocrx_word' id='word_1_28' title='bbox 903 507 1152 560; x_wconf 84' lang='lat' dir='ltr'><em>fidelitatis,</em></span> <span class='ocrx_word' id='word_1_29' title='bbox 1184 522 1313 562; x_wconf 80' lang='lat' dir='ltr'><em>quam</em></span> <span class='ocrx_word' id='word_1_30' title='bbox 1339 506 1408 549; x_wconf 86' lang='lat' dir='ltr'><em>illi</em></span> <span class='ocrx_word' id='word_1_31' title='bbox 1423 507 1645 563; x_wconf 77' lang='lat' dir='ltr'><strong><em>fecerant,</em></strong></span> <span class='ocrx_word' id='word_1_32' title='bbox 1677 510 1750 551; x_wconf 91' lang='lat' dir='ltr'><em>ab·</em></span> 
     </span>
    </p>

    <p class='ocr_par' dir='ltr' id='par_1_3' title="bbox 39 562 1812 1011">
     <span class='ocr_line' id='line_1_5' title="bbox 258 562 1750 619; baseline 0.001 -14"><span class='ocrx_word' id='word_1_33' title='bbox 258 564 396 607; x_wconf 83' lang='lat' dir='ltr'><em>solvit.</em></span> <span class='ocrx_word' id='word_1_34' title='bbox 454 563 511 605; x_wconf 86' lang='lat' dir='ltr'><em>Et</em></span> <span class='ocrx_word' id='word_1_35' title='bbox 539 562 665 619; x_wconf 85' lang='lat' dir='ltr'><em>longe</em></span> <span class='ocrx_word' id='word_1_36' title='bbox 695 570 873 618; x_wconf 86' lang='lat' dir='ltr'><em>supra1:</em></span> <span class='ocrx_word' id='word_1_37' title='bbox 914 563 966 604; x_wconf 89' lang='lat' dir='ltr'><em>Ut</em></span> <span class='ocrx_word' id='word_1_38' title='bbox 995 563 1046 604; x_wconf 83' lang='lat' dir='ltr'><em>de</em></span> <span class='ocrx_word' id='word_1_39' title='bbox 1075 562 1237 616; x_wconf 83' lang='lat' dir='ltr'><em>multis,</em></span> <span class='ocrx_word' id='word_1_40' title='bbox 1266 563 1419 618; x_wconf 82' lang='lat' dir='ltr'><em>inquit,</em></span> <span class='ocrx_word' id='word_1_41' title='bbox 1443 579 1597 619; x_wconf 85' lang='lat' dir='ltr'><em>pauca</em></span> <span class='ocrx_word' id='word_1_42' title='bbox 1626 564 1750 606; x_wconf 86' lang='lat' dir='ltr'><em>dica-</em></span> 
     </span>
     <span class='ocr_line' id='line_1_6' title="bbox 71 617 1812 686; baseline 0.001 -25"><span class='ocrx_word' id='word_1_43' title='bbox 71 659 104 684; x_wconf 66' lang='grc' dir='ltr'><em>Μ</em></span> <span class='ocrx_word' id='word_1_44' title='bbox 149 659 169 685; x_wconf 65' lang='lat' dir='ltr'><strong>h</strong></span> <span class='ocrx_word' id='word_1_45' title='bbox 193 659 230 686; x_wconf 66' lang='grc'><em>16</em></span> <span class='ocrx_word' id='word_1_46' title='bbox 257 635 365 673; x_wconf 86' lang='lat' dir='ltr'><em>mus,</em></span> <span class='ocrx_word' id='word_1_47' title='bbox 405 622 503 675; x_wconf 80' lang='lat' dir='ltr'><em>quis</em></span> <span class='ocrx_word' id='word_1_48' title='bbox 540 621 720 675; x_wconf 75' lang='lat' dir='ltr'><em>iynorat</em></span> <span class='ocrx_word' id='word_1_49' title='bbox 757 634 896 661; x_wconf 84' lang='lat' dir='ltr'><em>vocem</em></span> <span class='ocrx_word' id='word_1_50' title='bbox 936 619 1104 660; x_wconf 83' lang='lat' dir='ltr'><em>domini</em></span> <span class='ocrx_word' id='word_1_51' title='bbox 1133 634 1185 660; x_wconf 85' lang='lat' dir='ltr'><em>ac</em></span> <span class='ocrx_word' id='word_1_52' title='bbox 1216 617 1452 661; x_wconf 85' lang='lat' dir='ltr'><em>salvatoris</em></span> <span class='ocrx_word' id='word_1_53' title='bbox 1482 621 1623 662; x_wconf 90' lang='lat' dir='ltr'><em>nostri</em></span> <span class='ocrx_word' id='word_1_54' title='bbox 1651 620 1751 662; x_wconf 84' lang='lat' dir='ltr'><em>Iesu</em></span> <span class='ocrx_word' id='word_1_55' title='bbox 1809 618 1812 619; x_wconf 43' lang='lat'><em>⁷</em></span> 
     </span>
     <span class='ocr_line' id='line_1_7' title="bbox 39 661 1752 732; baseline -0.001 -12"><span class='ocrx_word' id='word_1_56' title='bbox 39 726 43 732; x_wconf 31' lang='grc' dir='ltr'>Ι</span> <span class='ocrx_word' id='word_1_57' title='bbox 94 661 240 728; x_wconf 43' lang='lat' dir='ltr'><em>fen-&#39;152⁷</em></span> <span class='ocrx_word' id='word_1_58' title='bbox 260 676 424 720; x_wconf 76' lang='lat' dir='ltr'><em>Christi</em></span> <span class='ocrx_word' id='word_1_59' title='bbox 452 676 502 716; x_wconf 90' lang='lat' dir='ltr'><em>in</em></span> <span class='ocrx_word' id='word_1_60' title='bbox 532 690 646 717; x_wconf 82' lang='lat' dir='ltr'><em>euan</em></span> <span class='ocrx_word' id='word_1_61' title='bbox 681 674 761 717; x_wconf 88' lang='lat' dir='ltr'><em>elio</em></span> <span class='ocrx_word' id='word_1_62' title='bbox 791 675 998 718; x_wconf 85' lang='lat' dir='ltr'><em>dicentis:</em></span> <span class='ocrx_word' id='word_1_63' title='bbox 1029 676 1110 716; x_wconf 83' lang='lat' dir='ltr'><em>‘Tu</em></span> <span class='ocrx_word' id='word_1_64' title='bbox 1139 689 1181 717; x_wconf 89' lang='lat' dir='ltr'><em>es</em></span> <span class='ocrx_word' id='word_1_65' title='bbox 1210 674 1377 728; x_wconf 88' lang='lat' dir='ltr'><em>Petrus,</em></span> <span class='ocrx_word' id='word_1_66' title='bbox 1407 680 1446 717; x_wconf 88' lang='lat' dir='ltr'><em>et</em></span> <span class='ocrx_word' id='word_1_67' title='bbox 1474 690 1609 732; x_wconf 87' lang='lat' dir='ltr'><em>super</em></span> <span class='ocrx_word' id='word_1_68' title='bbox 1638 677 1752 718; x_wconf 76' lang='lat' dir='ltr'><em>hanc</em></span> 
     </span>
     <span class='ocr_line' id='line_1_8' title="bbox 250 690 1751 787; baseline 0 -13"><span class='ocrx_word' id='word_1_69' title='bbox 250 738 425 787; x_wconf 86' lang='lat' dir='ltr'><em>petram</em></span> <span class='ocrx_word' id='word_1_70' title='bbox 469 690 708 784; x_wconf 47' lang='lat' dir='ltr'><em>aedificabo</em></span> <span class='ocrx_word' id='word_1_71' title='bbox 754 730 976 773; x_wconf 83' lang='lat' dir='ltr'><em>ecclesiam</em></span> <span class='ocrx_word' id='word_1_72' title='bbox 1019 746 1171 783; x_wconf 85' lang='lat' dir='ltr'><em>meam,</em></span> <span class='ocrx_word' id='word_1_73' title='bbox 1216 737 1254 771; x_wconf 90' lang='lat' dir='ltr'><em>et</em></span> <span class='ocrx_word' id='word_1_74' title='bbox 1291 736 1447 786; x_wconf 89' lang='lat' dir='ltr'><em>portae</em></span> <span class='ocrx_word' id='word_1_75' title='bbox 1486 730 1624 786; x_wconf 86' lang='lat' dir='ltr'><em>inferi</em></span> <span class='ocrx_word' id='word_1_76' title='bbox 1661 746 1751 774; x_wconf 90' lang='lat' dir='ltr'><em>non</em></span> 
     </span>
     <span class='ocr_line' id='line_1_9' title="bbox 249 786 1750 844; baseline 0.001 -16"><span class='ocrx_word' id='word_1_77' title='bbox 249 786 570 844; x_wconf 81' lang='lat' dir='ltr'><em>praevalebunt</em></span> <span class='ocrx_word' id='word_1_78' title='bbox 607 787 819 829; x_wconf 83' lang='lat' dir='ltr'><em>adversus</em></span> <span class='ocrx_word' id='word_1_79' title='bbox 857 802 963 839; x_wconf 88' lang='lat' dir='ltr'><em>eam,</em></span> <span class='ocrx_word' id='word_1_80' title='bbox 1003 793 1039 827; x_wconf 88' lang='lat' dir='ltr'><em>et</em></span> <span class='ocrx_word' id='word_1_81' title='bbox 1075 787 1153 828; x_wconf 87' lang='lat' dir='ltr'><em>tibi</em></span> <span class='ocrx_word' id='word_1_82' title='bbox 1182 787 1294 828; x_wconf 82' lang='lat' dir='ltr'><em>dabo</em></span> <span class='ocrx_word' id='word_1_83' title='bbox 1326 786 1467 829; x_wconf 85' lang='lat' dir='ltr'><em>claves</em></span> <span class='ocrx_word' id='word_1_84' title='bbox 1495 788 1626 843; x_wconf 73' lang='lat' dir='ltr'><em>reyni</em></span> <span class='ocrx_word' id='word_1_85' title='bbox 1653 802 1750 830; x_wconf 84' lang='lat' dir='ltr'><em>eae·</em></span> 
     </span>
     <span class='ocr_line' id='line_1_10' title="bbox 254 841 1752 899; baseline 0.001 -14"><span class='ocrx_word' id='word_1_86' title='bbox 254 844 408 896; x_wconf 85' lang='lat' dir='ltr'><em>lorum,</em></span> <span class='ocrx_word' id='word_1_87' title='bbox 448 849 487 884; x_wconf 92' lang='lat' dir='ltr'><em>et</em></span> <span class='ocrx_word' id='word_1_88' title='bbox 523 842 817 899; x_wconf 75' lang='lat' dir='ltr'><em>quodcumque</em></span> <span class='ocrx_word' id='word_1_89' title='bbox 846 842 1056 899; x_wconf 74' lang='lat' dir='ltr'><em>liqaveris</em></span> <span class='ocrx_word' id='word_1_90' title='bbox 1086 857 1219 898; x_wconf 87' lang='lat' dir='ltr'><em>super</em></span> <span class='ocrx_word' id='word_1_91' title='bbox 1247 849 1422 895; x_wconf 87' lang='lat' dir='ltr'><em>terram,</em></span> <span class='ocrx_word' id='word_1_92' title='bbox 1452 843 1535 884; x_wconf 84' lang='lat' dir='ltr'><em>erit</em></span> <span class='ocrx_word' id='word_1_93' title='bbox 1562 841 1752 899; x_wconf 72' lang='lat' dir='ltr'><em>liqatum</em></span> 
     </span>
     <span class='ocr_line' id='line_1_11' title="bbox 255 897 1752 954; baseline -0.001 -12"><span class='ocrx_word' id='word_1_94' title='bbox 255 906 293 942; x_wconf 85' lang='lat' dir='ltr'><em>et</em></span> <span class='ocrx_word' id='word_1_95' title='bbox 312 901 361 942; x_wconf 89' lang='lat' dir='ltr'><em>in</em></span> <span class='ocrx_word' id='word_1_96' title='bbox 383 899 529 951; x_wconf 85' lang='lat' dir='ltr'><em>caelis,</em></span> <span class='ocrx_word' id='word_1_97' title='bbox 560 904 598 940; x_wconf 91' lang='lat' dir='ltr'><em>et</em></span> <span class='ocrx_word' id='word_1_98' title='bbox 619 899 913 954; x_wconf 80' lang='lat' dir='ltr'><em>quodcumque</em></span> <span class='ocrx_word' id='word_1_99' title='bbox 943 897 1120 941; x_wconf 86' lang='lat' dir='ltr'><em>solveris</em></span> <span class='ocrx_word' id='word_1_100' title='bbox 1141 913 1275 954; x_wconf 87' lang='lat' dir='ltr'><em>super</em></span> <span class='ocrx_word' id='word_1_101' title='bbox 1293 904 1468 951; x_wconf 85' lang='lat' dir='ltr'><em>terram,</em></span> <span class='ocrx_word' id='word_1_102' title='bbox 1498 904 1536 939; x_wconf 88' lang='lat' dir='ltr'><em>et</em></span> <span class='ocrx_word' id='word_1_103' title='bbox 1555 899 1603 940; x_wconf 87' lang='lat' dir='ltr'><em>in</em></span> <span class='ocrx_word' id='word_1_104' title='bbox 1624 898 1752 940; x_wconf 79' lang='lat' dir='ltr'><em>caelis</em></span> 
     </span>
     <span class='ocr_line' id='line_1_12' title="bbox 255 953 1751 1011; baseline -0.001 -14"><span class='ocrx_word' id='word_1_105' title='bbox 255 957 338 998; x_wconf 90' lang='lat' dir='ltr'><em>erit</em></span> <span class='ocrx_word' id='word_1_106' title='bbox 368 953 594 997; x_wconf 70' lang='lat' dir='ltr'><em>solutum’?</em></span> <span class='ocrx_word' id='word_1_107' title='bbox 651 954 873 1010; x_wconf 83' lang='lat' dir='ltr'><em>Nunquid</em></span> <span class='ocrx_word' id='word_1_108' title='bbox 910 955 978 996; x_wconf 74' lang='lat' dir='ltr'><em>hic</em></span> <span class='ocrx_word' id='word_1_109' title='bbox 1015 969 1137 1011; x_wconf 67' lang='lat' dir='ltr'><em>reyes</em></span> <span class='ocrx_word' id='word_1_110' title='bbox 1178 955 1346 1009; x_wconf 78' lang='lat' dir='ltr'><em>eoecepti</em></span> <span class='ocrx_word' id='word_1_111' title='bbox 1382 953 1518 996; x_wconf 75' lang='lat' dir='ltr'><em>sunt?</em></span> <span class='ocrx_word' id='word_1_112' title='bbox 1557 959 1635 995; x_wconf 85' lang='lat' dir='ltr'><em>aut</em></span> <span class='ocrx_word' id='word_1_113' title='bbox 1661 969 1751 996; x_wconf 88' lang='lat' dir='ltr'><em>non</em></span> 
     </span>
    </p>

    <p class='ocr_par' dir='ltr' id='par_1_4' title="bbox 255 1009 1638 1065">
     <span class='ocr_line' id='line_1_13' title="bbox 255 1009 1638 1065; baseline -0.002 -12"><span class='ocrx_word' id='word_1_114' title='bbox 255 1017 359 1054; x_wconf 87' lang='lat' dir='ltr'><em>sunt</em></span> <span class='ocrx_word' id='word_1_115' title='bbox 389 1011 440 1053; x_wconf 80' lang='lat' dir='ltr'><em>de</em></span> <span class='ocrx_word' id='word_1_116' title='bbox 471 1010 637 1063; x_wconf 83' lang='lat' dir='ltr'><em>ovibus,</em></span> <span class='ocrx_word' id='word_1_117' title='bbox 668 1024 779 1065; x_wconf 82' lang='lat' dir='ltr'><em>quas</em></span> <span class='ocrx_word' id='word_1_118' title='bbox 802 1010 946 1052; x_wconf 86' lang='lat' dir='ltr'><em>Filius</em></span> <span class='ocrx_word' id='word_1_119' title='bbox 975 1010 1063 1052; x_wconf 89' lang='lat' dir='ltr'><em>Dei</em></span> <span class='ocrx_word' id='word_1_120' title='bbox 1093 1011 1212 1052; x_wconf 89' lang='lat' dir='ltr'><em>beato</em></span> <span class='ocrx_word' id='word_1_121' title='bbox 1243 1010 1369 1051; x_wconf 86' lang='lat' dir='ltr'><em>Petro</em></span> <span class='ocrx_word' id='word_1_122' title='bbox 1401 1009 1638 1052; x_wconf 70' lang='lat' dir='ltr'><em>commisit?</em></span> 
     </span>
    </p>

    <p class='ocr_par' dir='ltr' id='par_1_5' title="bbox 255 1064 1752 1233">
     <span class='ocr_line' id='line_1_14' title="bbox 369 1064 1750 1121; baseline -0.001 -13"><span class='ocrx_word' id='word_1_123' title='bbox 369 1067 407 1112; x_wconf 84' lang='lat'><em>3.</em></span> <span class='ocrx_word' id='word_1_124' title='bbox 466 1066 587 1108; x_wconf 86' lang='lat' dir='ltr'><em>Haec</em></span> <span class='ocrx_word' id='word_1_125' title='bbox 631 1065 765 1108; x_wconf 85' lang='lat' dir='ltr'><em>verba</em></span> <span class='ocrx_word' id='word_1_126' title='bbox 809 1066 846 1107; x_wconf 88' lang='lat' dir='ltr'><em>si</em></span> <span class='ocrx_word' id='word_1_127' title='bbox 889 1066 1045 1107; x_wconf 85' lang='lat' dir='ltr'><em>caritas</em></span> <span class='ocrx_word' id='word_1_128' title='bbox 1120 1080 1199 1108; x_wconf 87' lang='lat' dir='ltr'><em>uae</em></span> <span class='ocrx_word' id='word_1_129' title='bbox 1242 1064 1441 1108; x_wconf 90' lang='lat' dir='ltr'><em>aedificat</em></span> <span class='ocrx_word' id='word_1_130' title='bbox 1479 1070 1750 1121; x_wconf 83' lang='lat' dir='ltr'><strong>temperaret,</strong></span> 
     </span>
     <span class='ocr_line' id='line_1_15' title="bbox 255 1120 1752 1186; baseline 0 -22"><span class='ocrx_word' id='word_1_131' title='bbox 255 1122 458 1164; x_wconf 84' lang='lat' dir='ltr'><strong>discessio</strong></span> <span class='ocrx_word' id='word_1_132' title='bbox 487 1121 670 1174; x_wconf 88' lang='lat' dir='ltr'><em>illorum,</em></span> <span class='ocrx_word' id='word_1_133' title='bbox 708 1136 785 1177; x_wconf 89' lang='lat' dir='ltr'><em>per</em></span> <span class='ocrx_word' id='word_1_134' title='bbox 814 1135 922 1186; x_wconf 85' lang='lat' dir='ltr'><em>quos</em></span> <span class='ocrx_word' id='word_1_135' title='bbox 952 1136 1081 1177; x_wconf 88' lang='lat' dir='ltr'><em>regen</em></span> <span class='ocrx_word' id='word_1_136' title='bbox 1113 1136 1162 1163; x_wconf 91' lang='lat' dir='ltr'><em>us</em></span> <span class='ocrx_word' id='word_1_137' title='bbox 1192 1128 1257 1163; x_wconf 85' lang='lat' dir='ltr'><em>est</em></span> <span class='ocrx_word' id='word_1_138' title='bbox 1285 1120 1485 1175; x_wconf 85' lang='lat' dir='ltr'><em>mundus,</em></span> <span class='ocrx_word' id='word_1_139' title='bbox 1524 1121 1610 1163; x_wconf 88' lang='lat' dir='ltr'><em>iam</em></span> <span class='ocrx_word' id='word_1_140' title='bbox 1639 1121 1752 1164; x_wconf 84' lang='lat' dir='ltr'><em>facta</em></span> 
     </span>
     <span class='ocr_line' id='line_1_16' title="bbox 255 1177 1751 1233; baseline -0.001 -13"><span class='ocrx_word' id='word_1_141' title='bbox 255 1193 342 1220; x_wconf 89' lang='lat' dir='ltr'><em>non</em></span> <span class='ocrx_word' id='word_1_142' title='bbox 369 1178 532 1231; x_wconf 81' lang='lat' dir='ltr'><em>fuisset,</em></span> <span class='ocrx_word' id='word_1_143' title='bbox 561 1177 778 1233; x_wconf 87' lang='lat' dir='ltr'><em>quoniam,</em></span> <span class='ocrx_word' id='word_1_144' title='bbox 808 1184 919 1219; x_wconf 77' lang='lat' dir='ltr'><em>sicut</em></span> <span class='ocrx_word' id='word_1_145' title='bbox 948 1178 1127 1219; x_wconf 80' lang='lat' dir='ltr'><em>scribit²</em></span> <span class='ocrx_word' id='word_1_146' title='bbox 1158 1184 1331 1220; x_wconf 87' lang='lat' dir='ltr'><em>sanctus</em></span> <span class='ocrx_word' id='word_1_147' title='bbox 1350 1177 1440 1219; x_wconf 92' lang='lat' dir='ltr'><em>Leo</em></span> <span class='ocrx_word' id='word_1_148' title='bbox 1469 1191 1603 1233; x_wconf 85' lang='lat' dir='ltr'><em>papa:</em></span> <span class='ocrx_word' id='word_1_149' title='bbox 1634 1191 1751 1215; x_wconf 75' lang='lat' dir='ltr'><em>omnes</em></span> 
     </span>
    </p>
   </div>
   <div class='ocr_carea' id='block_1_3' title="bbox 249 1236 1751 1632">
    <p class='ocr_par' dir='ltr' id='par_1_6' title="bbox 249 1236 1751 1632">
     <span class='ocr_line' id='line_1_17' title="bbox 255 1236 1750 1280; baseline -0.002 -9"><span class='ocrx_word' id='word_1_150' title='bbox 255 1250 311 1272; x_wconf 89' lang='lat' dir='ltr'><em>res</em></span> <span class='ocrx_word' id='word_1_151' title='bbox 337 1242 433 1271; x_wconf 84' lang='lat' dir='ltr'><em>tutae</em></span> <span class='ocrx_word' id='word_1_152' title='bbox 459 1248 531 1271; x_wconf 85' lang='lat' dir='ltr'><em>esse</em></span> <span class='ocrx_word' id='word_1_153' title='bbox 556 1248 628 1270; x_wconf 94' lang='lat' dir='ltr'><em>non</em></span> <span class='ocrx_word' id='word_1_154' title='bbox 647 1241 811 1280; x_wconf 81' lang='lat' dir='ltr'><em>possunt,</em></span> <span class='ocrx_word' id='word_1_155' title='bbox 837 1237 909 1271; x_wconf 87' lang='lat' dir='ltr'><em>nisi</em></span> <span class='ocrx_word' id='word_1_156' title='bbox 933 1248 1023 1280; x_wconf 80' lang='lat' dir='ltr'><em>quae</em></span> <span class='ocrx_word' id='word_1_157' title='bbox 1050 1237 1100 1271; x_wconf 82' lang='lat' dir='ltr'><em>ad</em></span> <span class='ocrx_word' id='word_1_158' title='bbox 1117 1236 1277 1271; x_wconf 84' lang='lat' dir='ltr'><em>divinam</em></span> <span class='ocrx_word' id='word_1_159' title='bbox 1301 1237 1551 1280; x_wconf 85' lang='lat' dir='ltr'><em>confessionem</em></span> <span class='ocrx_word' id='word_1_160' title='bbox 1602 1236 1750 1270; x_wconf 78' lang='lat' dir='ltr'><em>ertinent</em></span> 
     </span>
     <span class='ocr_line' id='line_1_18' title="bbox 255 1279 1749 1331; baseline -0.001 -11"><span class='ocrx_word' id='word_1_161' title='bbox 255 1293 288 1320; x_wconf 89' lang='lat' dir='ltr'><em>et</em></span> <span class='ocrx_word' id='word_1_162' title='bbox 318 1286 418 1331; x_wconf 65' lang='lat' dir='ltr'><em>regia</em></span> <span class='ocrx_word' id='word_1_163' title='bbox 451 1292 482 1319; x_wconf 87' lang='lat' dir='ltr'><em>et</em></span> <span class='ocrx_word' id='word_1_164' title='bbox 513 1285 746 1319; x_wconf 81' lang='lat' dir='ltr'><em>sacerdotalis</em></span> <span class='ocrx_word' id='word_1_165' title='bbox 779 1286 1011 1329; x_wconf 64' lang='lat' dir='ltr'><em>defenderetfl</em></span> <span class='ocrx_word' id='word_1_166' title='bbox 1049 1287 1254 1319; x_wconf 76' lang='lat' dir='ltr'><em>auctoritas.</em></span> <span class='ocrx_word' id='word_1_167' title='bbox 1306 1281 1432 1324; x_wconf 86' lang='lat' dir='ltr'><strong>Unde</strong></span> <span class='ocrx_word' id='word_1_168' title='bbox 1468 1288 1511 1323; x_wconf 81' lang='lat' dir='ltr'><em>et</em></span> <span class='ocrx_word' id='word_1_169' title='bbox 1594 1279 1749 1323; x_wconf 80' lang='lat' dir='ltr'><em>elasius</em></span> 
     </span>
     <span class='ocr_line' id='line_1_19' title="bbox 256 1336 1751 1394; baseline -0.001 -19"><span class='ocrx_word' id='word_1_170' title='bbox 256 1345 419 1394; x_wconf 69' lang='lat' dir='ltr'><em>papass:</em></span> <span class='ocrx_word' id='word_1_171' title='bbox 457 1340 626 1382; x_wconf 77' lang='lat' dir='ltr'><em>Christus,</em></span> <span class='ocrx_word' id='word_1_172' title='bbox 662 1336 813 1392; x_wconf 83' lang='lat' dir='ltr'><em>inquit,</em></span> <span class='ocrx_word' id='word_1_173' title='bbox 843 1352 973 1374; x_wconf 86' lang='lat' dir='ltr'><em>memor</em></span> <span class='ocrx_word' id='word_1_174' title='bbox 995 1339 1212 1384; x_wconf 75' lang='lat' dir='ltr'><em>fraqilitatis</em></span> <span class='ocrx_word' id='word_1_175' title='bbox 1247 1340 1436 1382; x_wconf 78' lang='lat' dir='ltr'><em>humanae,</em></span> <span class='ocrx_word' id='word_1_176' title='bbox 1478 1341 1572 1384; x_wconf 78' lang='lat' dir='ltr'><em>quod</em></span> <span class='ocrx_word' id='word_1_177' title='bbox 1605 1351 1751 1374; x_wconf 79' lang='lat' dir='ltr'><em>suorum</em></span> 
     </span>
     <span class='ocr_line' id='line_1_20' title="bbox 255 1392 1751 1439; baseline -0.002 -9"><span class='ocrx_word' id='word_1_178' title='bbox 255 1397 366 1430; x_wconf 86' lang='lat' dir='ltr'><em>saluti</em></span> <span class='ocrx_word' id='word_1_179' title='bbox 396 1399 612 1439; x_wconf 62' lang='lat' dir='ltr'><em>congrueret,</em></span> <span class='ocrx_word' id='word_1_180' title='bbox 647 1395 909 1438; x_wconf 71' lang='lat' dir='ltr'><em>dispensatione</em></span> <span class='ocrx_word' id='word_1_181' title='bbox 947 1395 1134 1438; x_wconf 65' lang='lat' dir='ltr'><em>magnifica</em></span> <span class='ocrx_word' id='word_1_182' title='bbox 1172 1392 1429 1437; x_wconf 74' lang='lat' dir='ltr'><em>temperaretb5</em></span> <span class='ocrx_word' id='word_1_183' title='bbox 1467 1395 1517 1428; x_wconf 86' lang='lat' dir='ltr'><em>sic</em></span> <span class='ocrx_word' id='word_1_184' title='bbox 1555 1394 1751 1428; x_wconf 69' lang='lat' dir='ltr'><em>actionibus</em></span> 
     </span>
     <span class='ocr_line' id='line_1_21' title="bbox 249 1441 1751 1489; baseline -0.002 -11"><span class='ocrx_word' id='word_1_185' title='bbox 249 1445 410 1489; x_wconf 83' lang='lat' dir='ltr'><em>propriis</em></span> <span class='ocrx_word' id='word_1_186' title='bbox 441 1443 742 1488; x_wconf 73' lang='lat' dir='ltr'><em>diqnitatibusque</em></span> <span class='ocrx_word' id='word_1_187' title='bbox 775 1443 948 1477; x_wconf 84' lang='lat' dir='ltr'><em>distinctis</em></span> <span class='ocrx_word' id='word_1_188' title='bbox 990 1442 1109 1487; x_wconf 77' lang='lat' dir='ltr'><em>officia</em></span> <span class='ocrx_word' id='word_1_189' title='bbox 1133 1442 1320 1486; x_wconf 81' lang='lat' dir='ltr'><em>potestatis</em></span> <span class='ocrx_word' id='word_1_190' title='bbox 1352 1443 1536 1486; x_wconf 78' lang='lat' dir='ltr'><em>utriusque</em></span> <span class='ocrx_word' id='word_1_191' title='bbox 1574 1441 1751 1484; x_wconf 71' lang='lat' dir='ltr'><em>discrevit,</em></span> 
     </span>
     <span class='ocr_line' id='line_1_22' title="bbox 256 1491 1751 1536; baseline -0.001 -9"><span class='ocrx_word' id='word_1_192' title='bbox 256 1500 295 1527; x_wconf 88' lang='lat' dir='ltr'><em>ut</em></span> <span class='ocrx_word' id='word_1_193' title='bbox 329 1500 360 1527; x_wconf 87' lang='lat' dir='ltr'><em>et</em></span> <span class='ocrx_word' id='word_1_194' title='bbox 392 1493 577 1527; x_wconf 82' lang='lat' dir='ltr'><em>christiani</em></span> <span class='ocrx_word' id='word_1_195' title='bbox 608 1492 836 1535; x_wconf 86' lang='lat' dir='ltr'><em>imperatores</em></span> <span class='ocrx_word' id='word_1_196' title='bbox 865 1504 934 1535; x_wconf 86' lang='lat' dir='ltr'><em>pro</em></span> <span class='ocrx_word' id='word_1_197' title='bbox 970 1498 1115 1525; x_wconf 84' lang='lat' dir='ltr'><em>aeterna</em></span> <span class='ocrx_word' id='word_1_198' title='bbox 1147 1492 1223 1524; x_wconf 80' lang='lat' dir='ltr'><em>vita</em></span> <span class='ocrx_word' id='word_1_199' title='bbox 1242 1492 1468 1536; x_wconf 74' lang='lat' dir='ltr'><em>pontificibus</em></span> <span class='ocrx_word' id='word_1_200' title='bbox 1495 1491 1694 1535; x_wconf 72' lang='lat' dir='ltr'><em>indiyerent</em></span> <span class='ocrx_word' id='word_1_201' title='bbox 1718 1497 1751 1525; x_wconf 81' lang='lat' dir='ltr'><em>et</em></span> 
     </span>
     <span class='ocr_line' id='line_1_23' title="bbox 249 1539 1750 1586; baseline -0.002 -10"><span class='ocrx_word' id='word_1_202' title='bbox 249 1543 432 1586; x_wconf 82' lang='lat' dir='ltr'><em>pontifices</em></span> <span class='ocrx_word' id='word_1_203' title='bbox 455 1553 520 1585; x_wconf 86' lang='lat' dir='ltr'><em>pro</em></span> <span class='ocrx_word' id='word_1_204' title='bbox 547 1541 793 1583; x_wconf 83' lang='lat' dir='ltr'><em>temporalium</em></span> <span class='ocrx_word' id='word_1_205' title='bbox 818 1552 925 1574; x_wconf 83' lang='lat' dir='ltr'><em>eursu</em></span> <span class='ocrx_word' id='word_1_206' title='bbox 950 1552 1069 1574; x_wconf 87' lang='lat' dir='ltr'><em>rerum</em></span> <span class='ocrx_word' id='word_1_207' title='bbox 1094 1539 1338 1583; x_wconf 76' lang='lat' dir='ltr'><em>imperialibus</em></span> <span class='ocrx_word' id='word_1_208' title='bbox 1365 1539 1654 1584; x_wconf 70' lang='lat' dir='ltr'><em>dispositionibus</em></span> <span class='ocrx_word' id='word_1_209' title='bbox 1675 1545 1750 1573; x_wconf 81' lang='lat' dir='ltr'><em>ute·</em></span> 
     </span>
     <span class='ocr_line' id='line_1_24' title="bbox 255 1588 1749 1632; baseline -0.002 -8"><span class='ocrx_word' id='word_1_210' title='bbox 255 1597 379 1625; x_wconf 79' lang='lat' dir='ltr'><em>rentur</em></span> <span class='ocrx_word' id='word_1_211' title='bbox 405 1603 446 1624; x_wconf 85' lang='lat' dir='ltr'><em>ac</em></span> <span class='ocrx_word' id='word_1_212' title='bbox 472 1591 521 1623; x_wconf 86' lang='lat' dir='ltr'><em>sic</em></span> <span class='ocrx_word' id='word_1_213' title='bbox 545 1589 717 1623; x_wconf 85' lang='lat' dir='ltr'><em>modestia</em></span> <span class='ocrx_word' id='word_1_214' title='bbox 742 1590 926 1632; x_wconf 80' lang='lat' dir='ltr'><em>utriusque</em></span> <span class='ocrx_word' id='word_1_215' title='bbox 952 1588 1087 1622; x_wconf 79' lang='lat' dir='ltr'><em>ordinis</em></span> <span class='ocrx_word' id='word_1_216' title='bbox 1114 1595 1312 1630; x_wconf 83' lang='lat' dir='ltr'><em>curaretur,</em></span> <span class='ocrx_word' id='word_1_217' title='bbox 1339 1601 1382 1623; x_wconf 89' lang='lat' dir='ltr'><em>ne</em></span> <span class='ocrx_word' id='word_1_218' title='bbox 1409 1595 1558 1632; x_wconf 79' lang='lat' dir='ltr'><em>utroque</em></span> <span class='ocrx_word' id='word_1_219' title='bbox 1583 1588 1749 1632; x_wconf 83' lang='lat' dir='ltr'><em>suffultus</em></span> 
     </span>
    </p>
   </div>
   <div class='ocr_carea' id='block_1_4' title="bbox 52 1633 1754 2526">
    <p class='ocr_par' dir='ltr' id='par_1_7' title="bbox 253 1633 1752 1690">
     <span class='ocr_line' id='line_1_25' title="bbox 253 1633 1752 1690; baseline 0.001 -18"><span class='ocrx_word' id='word_1_220' title='bbox 253 1641 487 1674; x_wconf 72' lang='lat' dir='ltr'><em>eoetolteretur.</em></span> <span class='ocrx_word' id='word_1_221' title='bbox 532 1634 655 1686; x_wconf 77' lang='lat' dir='ltr'><em>Quae</em></span> <span class='ocrx_word' id='word_1_222' title='bbox 686 1649 783 1676; x_wconf 89' lang='lat' dir='ltr'><em>cum</em></span> <span class='ocrx_word' id='word_1_223' title='bbox 808 1635 867 1675; x_wconf 87' lang='lat' dir='ltr'><em>ita</em></span> <span class='ocrx_word' id='word_1_224' title='bbox 886 1635 1007 1676; x_wconf 89' lang='lat' dir='ltr'><em>Deus</em></span> <span class='ocrx_word' id='word_1_225' title='bbox 1037 1633 1296 1690; x_wconf 82' lang='lat' dir='ltr'><em>disposuerit</em></span> <span class='ocrx_word' id='word_1_226' title='bbox 1325 1639 1367 1675; x_wconf 89' lang='lat' dir='ltr'><em>et</em></span> <span class='ocrx_word' id='word_1_227' title='bbox 1394 1633 1500 1676; x_wconf 84' lang='lat' dir='ltr'><em>haec</em></span> <span class='ocrx_word' id='word_1_228' title='bbox 1529 1633 1629 1687; x_wconf 89' lang='lat' dir='ltr'><em>duo,</em></span> <span class='ocrx_word' id='word_1_229' title='bbox 1659 1633 1752 1690; x_wconf 90' lang='lat' dir='ltr'><em>qui-</em></span> 
     </span>
    </p>

    <p class='ocr_par' dir='ltr' id='par_1_8' title="bbox 256 1689 1752 1746">
     <span class='ocr_line' id='line_1_26' title="bbox 256 1689 1752 1746; baseline -0.001 -14"><span class='ocrx_word' id='word_1_230' title='bbox 256 1689 336 1732; x_wconf 88' lang='lat' dir='ltr'><em>bus</em></span> <span class='ocrx_word' id='word_1_231' title='bbox 366 1689 659 1746; x_wconf 79' lang='lat' dir='ltr'><em>principaliter</em></span> <span class='ocrx_word' id='word_1_232' title='bbox 687 1690 755 1732; x_wconf 91' lang='lat' dir='ltr'><em>hic</em></span> <span class='ocrx_word' id='word_1_233' title='bbox 785 1690 970 1732; x_wconf 89' lang='lat' dir='ltr'><em>mundus</em></span> <span class='ocrx_word' id='word_1_234' title='bbox 999 1696 1184 1746; x_wconf 86' lang='lat' dir='ltr'><em>regatur,</em></span> <span class='ocrx_word' id='word_1_235' title='bbox 1222 1689 1409 1745; x_wconf 84' lang='lat' dir='ltr'><em>regalem</em></span> <span class='ocrx_word' id='word_1_236' title='bbox 1444 1689 1607 1731; x_wconf 87' lang='lat' dir='ltr'><em>scilicet</em></span> <span class='ocrx_word' id='word_1_237' title='bbox 1634 1696 1752 1745; x_wconf 92' lang='lat' dir='ltr'><em>pote-</em></span> 
     </span>
    </p>

    <p class='ocr_par' dir='ltr' id='par_1_9' title="bbox 258 1744 1752 1802">
     <span class='ocr_line' id='line_1_27' title="bbox 258 1744 1752 1802; baseline 0 -15"><span class='ocrx_word' id='word_1_238' title='bbox 258 1752 412 1788; x_wconf 80' lang='lat' dir='ltr'><em>statem</em></span> <span class='ocrx_word' id='word_1_239' title='bbox 448 1752 490 1788; x_wconf 91' lang='lat' dir='ltr'><em>et</em></span> <span class='ocrx_word' id='word_1_240' title='bbox 529 1752 740 1788; x_wconf 89' lang='lat' dir='ltr'><em>sacratam</em></span> <span class='ocrx_word' id='word_1_241' title='bbox 781 1746 1064 1802; x_wconf 81' lang='lat' dir='ltr'><em>pontificum⁰</em></span> <span class='ocrx_word' id='word_1_242' title='bbox 1107 1746 1436 1788; x_wconf 78' lang='lat' dir='ltr'><em>auctoritatem⁴</em></span> <span class='ocrx_word' id='word_1_243' title='bbox 1481 1744 1752 1798; x_wconf 79' lang='lat' dir='ltr'><em>ordinaverit,</em></span> 
     </span>
    </p>

    <p class='ocr_par' dir='ltr' id='par_1_10' title="bbox 258 1801 1754 1859">
     <span class='ocr_line' id='line_1_28' title="bbox 258 1801 1754 1859; baseline -0.001 -16"><span class='ocrx_word' id='word_1_244' title='bbox 258 1802 354 1858; x_wconf 86' lang='lat' dir='ltr'><em>quis</em></span> <span class='ocrx_word' id='word_1_245' title='bbox 385 1807 533 1844; x_wconf 87' lang='lat' dir='ltr'><em>contra</em></span> <span class='ocrx_word' id='word_1_246' title='bbox 561 1801 667 1844; x_wconf 90' lang='lat' dir='ltr'><em>haec</em></span> <span class='ocrx_word' id='word_1_247' title='bbox 695 1803 757 1844; x_wconf 90' lang='lat' dir='ltr'><em>ire</em></span> <span class='ocrx_word' id='word_1_248' title='bbox 786 1801 1029 1858; x_wconf 83' lang='lat' dir='ltr'><em>temptabit,</em></span> <span class='ocrx_word' id='word_1_249' title='bbox 1058 1802 1143 1843; x_wconf 89' lang='lat' dir='ltr'><em>nisi</em></span> <span class='ocrx_word' id='word_1_250' title='bbox 1164 1802 1238 1859; x_wconf 93' lang='lat' dir='ltr'><em>qui</em></span> <span class='ocrx_word' id='word_1_251' title='bbox 1257 1801 1342 1843; x_wconf 92' lang='lat' dir='ltr'><em>Dei</em></span> <span class='ocrx_word' id='word_1_252' title='bbox 1362 1801 1622 1843; x_wconf 88' lang='lat' dir='ltr'><em>ordinationi</em></span> <span class='ocrx_word' id='word_1_253' title='bbox 1650 1801 1754 1843; x_wconf 89' lang='lat' dir='ltr'><em>resi-</em></span> 
     </span>
    </p>

    <p class='ocr_par' dir='ltr' id='par_1_11' title="bbox 257 1856 1754 1970">
     <span class='ocr_line' id='line_1_29' title="bbox 257 1856 1754 1914; baseline 0 -15"><span class='ocrx_word' id='word_1_254' title='bbox 257 1857 359 1900; x_wconf 77' lang='lat' dir='ltr'><em>stit?</em></span> <span class='ocrx_word' id='word_1_255' title='bbox 401 1858 466 1900; x_wconf 90' lang='lat' dir='ltr'><em>Eo</em></span> <span class='ocrx_word' id='word_1_256' title='bbox 497 1858 610 1900; x_wconf 90' lang='lat' dir='ltr'><em>enim</em></span> <span class='ocrx_word' id='word_1_257' title='bbox 640 1859 767 1900; x_wconf 92' lang='lat' dir='ltr'><em>modo</em></span> <span class='ocrx_word' id='word_1_258' title='bbox 798 1858 948 1900; x_wconf 86' lang='lat' dir='ltr'><em>beatus</em></span> <span class='ocrx_word' id='word_1_259' title='bbox 977 1857 1197 1914; x_wconf 84' lang='lat' dir='ltr'><em>apostolus</em></span> <span class='ocrx_word' id='word_1_260' title='bbox 1226 1857 1384 1899; x_wconf 87' lang='lat' dir='ltr'><em>Paulus</em></span> <span class='ocrx_word' id='word_1_261' title='bbox 1415 1856 1639 1910; x_wconf 86' lang='lat' dir='ltr'><em>ecclesiam</em></span> <span class='ocrx_word' id='word_1_262' title='bbox 1668 1857 1754 1899; x_wconf 91' lang='lat' dir='ltr'><em>Dei</em></span> 
     </span>
     <span class='ocr_line' id='line_1_30' title="bbox 258 1911 1754 1970; baseline -0.001 -14"><span class='ocrx_word' id='word_1_263' title='bbox 258 1914 439 1967; x_wconf 88' lang='lat' dir='ltr'><em>ordinat,</em></span> <span class='ocrx_word' id='word_1_264' title='bbox 482 1921 529 1956; x_wconf 89' lang='lat' dir='ltr'><em>ut</em></span> <span class='ocrx_word' id='word_1_265' title='bbox 571 1913 676 1955; x_wconf 87' lang='lat' dir='ltr'><em>nihil</em></span> <span class='ocrx_word' id='word_1_266' title='bbox 719 1913 925 1956; x_wconf 88' lang='lat' dir='ltr'><em>adversus</em></span> <span class='ocrx_word' id='word_1_267' title='bbox 970 1914 1188 1970; x_wconf 81' lang='lat' dir='ltr'><em>principes</em></span> <span class='ocrx_word' id='word_1_268' title='bbox 1232 1919 1274 1955; x_wconf 89' lang='lat' dir='ltr'><em>et</em></span> <span class='ocrx_word' id='word_1_269' title='bbox 1315 1920 1548 1969; x_wconf 85' lang='lat' dir='ltr'><em>potestates</em></span> <span class='ocrx_word' id='word_1_270' title='bbox 1593 1911 1754 1955; x_wconf 87' lang='lat' dir='ltr'><em>saeculi</em></span> 
     </span>
    </p>

    <p class='ocr_par' dir='ltr' id='par_1_12' title="bbox 57 1968 1754 2138">
     <span class='ocr_line' id='line_1_31' title="bbox 257 1968 1754 2027; baseline -0.001 -15"><span class='ocrx_word' id='word_1_271' title='bbox 257 1984 410 2026; x_wconf 86' lang='lat' dir='ltr'><em>gerens</em></span> <span class='ocrx_word' id='word_1_272' title='bbox 441 1984 518 2026; x_wconf 88' lang='lat' dir='ltr'><em>per</em></span> <span class='ocrx_word' id='word_1_273' title='bbox 547 1970 734 2026; x_wconf 89' lang='lat' dir='ltr'><em>quietem</em></span> <span class='ocrx_word' id='word_1_274' title='bbox 765 1978 807 2012; x_wconf 86' lang='lat' dir='ltr'><em>et</em></span> <span class='ocrx_word' id='word_1_275' title='bbox 835 1969 1184 2027; x_wconf 84' lang='lat' dir='ltr'><em>tranquillitatem</em></span> <span class='ocrx_word' id='word_1_276' title='bbox 1213 1970 1328 2011; x_wconf 86' lang='lat' dir='ltr'><em>vitae</em></span> <span class='ocrx_word' id='word_1_277' title='bbox 1358 1983 1465 2026; x_wconf 90' lang='lat' dir='ltr'><em>opus</em></span> <span class='ocrx_word' id='word_1_278' title='bbox 1493 1968 1681 2011; x_wconf 79' lang='lat' dir='ltr'><em>iustitiae</em></span> <span class='ocrx_word' id='word_1_279' title='bbox 1711 1973 1754 2011; x_wconf 88' lang='lat' dir='ltr'><em>et</em></span> 
     </span>
     <span class='ocr_line' id='line_1_32' title="bbox 57 2024 1750 2082; baseline 0.001 -17"><span class='ocrx_word' id='word_1_280' title='bbox 57 2027 428 2082; x_wconf 28' lang='lat' dir='ltr'><em>Romi13‚1.pletatis</em></span> <span class='ocrx_word' id='word_1_281' title='bbox 458 2031 669 2069; x_wconf 84' lang='lat' dir='ltr'><em>exerceat.</em></span> <span class='ocrx_word' id='word_1_282' title='bbox 737 2026 896 2079; x_wconf 77' lang='lat' dir='ltr'><em>Omnis,</em></span> <span class='ocrx_word' id='word_1_283' title='bbox 935 2026 1087 2082; x_wconf 91' lang='lat' dir='ltr'><em>inquit,</em></span> <span class='ocrx_word' id='word_1_284' title='bbox 1125 2025 1277 2068; x_wconf 88' lang='lat' dir='ltr'><em>anima</em></span> <span class='ocrx_word' id='word_1_285' title='bbox 1298 2025 1588 2082; x_wconf 74' lang='lat' dir='ltr'><em>potestatibus</em></span> <span class='ocrx_word' id='word_1_286' title='bbox 1618 2024 1750 2067; x_wconf 86' lang='lat' dir='ltr'><em>subli-</em></span> 
     </span>
     <span class='ocr_line' id='line_1_33' title="bbox 258 2081 1752 2138; baseline 0 -16"><span class='ocrx_word' id='word_1_287' title='bbox 258 2083 465 2125; x_wconf 83' lang='lat' dir='ltr'><em>mioribus</em></span> <span class='ocrx_word' id='word_1_288' title='bbox 494 2081 672 2124; x_wconf 82' lang='lat' dir='ltr'><em>subdita</em></span> <span class='ocrx_word' id='word_1_289' title='bbox 701 2084 770 2135; x_wconf 89' lang='lat' dir='ltr'><em>sit,</em></span> <span class='ocrx_word' id='word_1_290' title='bbox 802 2088 849 2123; x_wconf 87' lang='lat' dir='ltr'><em>ut</em></span> <span class='ocrx_word' id='word_1_291' title='bbox 879 2083 1067 2138; x_wconf 78' lang='lat' dir='ltr'><em>quietam</em></span> <span class='ocrx_word' id='word_1_292' title='bbox 1097 2088 1134 2123; x_wconf 89' lang='lat' dir='ltr'><em>et</em></span> <span class='ocrx_word' id='word_1_293' title='bbox 1163 2081 1449 2138; x_wconf 81' lang='lat' dir='ltr'><em>tranquillam</em></span> <span class='ocrx_word' id='word_1_294' title='bbox 1474 2082 1610 2123; x_wconf 85' lang='lat' dir='ltr'><em>vitam</em></span> <span class='ocrx_word' id='word_1_295' title='bbox 1641 2095 1752 2137; x_wconf 73' lang='lat' dir='ltr'><em>aya-</em></span> 
     </span>
    </p>

    <p class='ocr_par' dir='ltr' id='par_1_13' title="bbox 52 2138 1753 2360">
     <span class='ocr_line' id='line_1_34' title="bbox 83 2138 1753 2193; baseline -0.001 -13"><span class='ocrx_word' id='word_1_296' title='bbox 83 2149 201 2174; x_wconf 78' lang='lat' dir='ltr'><em>1-Tim·</em></span> <span class='ocrx_word' id='word_1_297' title='bbox 216 2149 243 2179; x_wconf 60' lang='lat'><em>²2</em></span> <span class='ocrx_word' id='word_1_298' title='bbox 260 2153 353 2180; x_wconf 87' lang='lat' dir='ltr'><em>mus</em></span> <span class='ocrx_word' id='word_1_299' title='bbox 392 2139 441 2180; x_wconf 90' lang='lat' dir='ltr'><em>in</em></span> <span class='ocrx_word' id='word_1_300' title='bbox 481 2139 600 2180; x_wconf 87' lang='lat' dir='ltr'><em>omni</em></span> <span class='ocrx_word' id='word_1_301' title='bbox 622 2139 788 2192; x_wconf 85' lang='lat' dir='ltr'><em>pietate</em></span> <span class='ocrx_word' id='word_1_302' title='bbox 818 2144 855 2180; x_wconf 91' lang='lat' dir='ltr'><em>et</em></span> <span class='ocrx_word' id='word_1_303' title='bbox 885 2139 1097 2190; x_wconf 85' lang='lat' dir='ltr'><em>castitate,</em></span> <span class='ocrx_word' id='word_1_304' title='bbox 1129 2138 1245 2193; x_wconf 79' lang='lat' dir='ltr'><em>quod</em></span> <span class='ocrx_word' id='word_1_305' title='bbox 1273 2138 1432 2179; x_wconf 86' lang='lat' dir='ltr'><em>bonum</em></span> <span class='ocrx_word' id='word_1_306' title='bbox 1461 2143 1499 2178; x_wconf 88' lang='lat' dir='ltr'><em>et</em></span> <span class='ocrx_word' id='word_1_307' title='bbox 1531 2142 1753 2192; x_wconf 84' lang='lat' dir='ltr'><em>acceptum</em></span> 
     </span>
     <span class='ocr_line' id='line_1_35' title="bbox 124 2188 1752 2247; baseline -0.001 -11"><span class='ocrx_word' id='word_1_308' title='bbox 124 2188 209 2215; x_wconf 68' lang='lat'><strong>2-3·</strong></span> <span class='ocrx_word' id='word_1_309' title='bbox 258 2200 317 2236; x_wconf 86' lang='lat' dir='ltr'><em>est</em></span> <span class='ocrx_word' id='word_1_310' title='bbox 338 2209 485 2236; x_wconf 84' lang='lat' dir='ltr'><em>coram</em></span> <span class='ocrx_word' id='word_1_311' title='bbox 506 2194 723 2235; x_wconf 84' lang='lat' dir='ltr'><em>salvatore</em></span> <span class='ocrx_word' id='word_1_312' title='bbox 754 2200 900 2235; x_wconf 89' lang='lat' dir='ltr'><em>nostro</em></span> <span class='ocrx_word' id='word_1_313' title='bbox 921 2194 1028 2235; x_wconf 91' lang='lat' dir='ltr'><em>Deo.</em></span> <span class='ocrx_word' id='word_1_314' title='bbox 1077 2192 1165 2241; x_wconf 83' lang='lat' dir='ltr'><em>Qui</em></span> <span class='ocrx_word' id='word_1_315' title='bbox 1185 2199 1327 2234; x_wconf 89' lang='lat' dir='ltr'><em>autem</em></span> <span class='ocrx_word' id='word_1_316' title='bbox 1353 2194 1518 2235; x_wconf 83' lang='lat' dir='ltr'><em>resistit</em></span> <span class='ocrx_word' id='word_1_317' title='bbox 1530 2193 1752 2247; x_wconf 79' lang='lat' dir='ltr'><em>potestati,</em></span> 
     </span>
     <span class='ocr_line' id='line_1_36' title="bbox 52 2247 1752 2312; baseline 0.001 -24"><span class='ocrx_word' id='word_1_318' title='bbox 52 2263 140 2289; x_wconf 74' lang='lat' dir='ltr'><em>Rom.</em></span> <span class='ocrx_word' id='word_1_319' title='bbox 155 2263 240 2297; x_wconf 80' lang='lat'><strong>18‚2.</strong></span> <span class='ocrx_word' id='word_1_320' title='bbox 262 2250 358 2302; x_wconf 85' lang='lat' dir='ltr'><em>Dei,</em></span> <span class='ocrx_word' id='word_1_321' title='bbox 389 2249 538 2305; x_wconf 90' lang='lat' dir='ltr'><em>inquit,</em></span> <span class='ocrx_word' id='word_1_322' title='bbox 570 2249 846 2290; x_wconf 82' lang='lat' dir='ltr'><em>ordinationi</em></span> <span class='ocrx_word' id='word_1_323' title='bbox 864 2250 1038 2290; x_wconf 85' lang='lat' dir='ltr'><em>resistit.</em></span> <span class='ocrx_word' id='word_1_324' title='bbox 1082 2248 1180 2289; x_wconf 90' lang='lat' dir='ltr'><em>Non</em></span> <span class='ocrx_word' id='word_1_325' title='bbox 1199 2247 1269 2289; x_wconf 90' lang='lat' dir='ltr'><em>hic</em></span> <span class='ocrx_word' id='word_1_326' title='bbox 1293 2247 1345 2289; x_wconf 88' lang='lat' dir='ltr'><em>de</em></span> <span class='ocrx_word' id='word_1_327' title='bbox 1365 2247 1449 2289; x_wconf 87' lang='lat' dir='ltr'><em>illis</em></span> <span class='ocrx_word' id='word_1_328' title='bbox 1469 2247 1752 2312; x_wconf 84' lang='lat' dir='ltr'><em>potestatibus</em></span> 
     </span>
     <span class='ocr_line' id='line_1_37' title="bbox 260 2302 1752 2360; baseline -0.001 -14"><span class='ocrx_word' id='word_1_329' title='bbox 260 2305 376 2359; x_wconf 86' lang='lat' dir='ltr'><em>dicit,</em></span> <span class='ocrx_word' id='word_1_330' title='bbox 416 2318 526 2360; x_wconf 85' lang='lat' dir='ltr'><em>quae</em></span> <span class='ocrx_word' id='word_1_331' title='bbox 566 2304 882 2360; x_wconf 84' lang='lat' dir='ltr'><em>persecutiones</em></span> <span class='ocrx_word' id='word_1_332' title='bbox 921 2303 1106 2345; x_wconf 86' lang='lat' dir='ltr'><em>inferunt</em></span> <span class='ocrx_word' id='word_1_333' title='bbox 1142 2303 1256 2356; x_wconf 86' lang='lat' dir='ltr'><em>fidei,</em></span> <span class='ocrx_word' id='word_1_334' title='bbox 1297 2304 1398 2359; x_wconf 88' lang='lat' dir='ltr'><em>quia</em></span> <span class='ocrx_word' id='word_1_335' title='bbox 1433 2303 1493 2345; x_wconf 91' lang='lat' dir='ltr'><em>ib1</em></span> <span class='ocrx_word' id='word_1_336' title='bbox 1523 2302 1752 2344; x_wconf 87' lang='lat' dir='ltr'><em>dicendum</em></span> 
     </span>
    </p>

    <p class='ocr_par' dir='ltr' id='par_1_14' title="bbox 74 2358 1754 2471">
     <span class='ocr_line' id='line_1_38' title="bbox 74 2358 1754 2415; baseline 0 -15"><span class='ocrx_word' id='word_1_337' title='bbox 74 2374 133 2400; x_wconf 76' lang='lat' dir='ltr'><em>Act</em></span> <span class='ocrx_word' id='word_1_338' title='bbox 157 2375 184 2409; x_wconf 83' lang='lat'><em>5,</em></span> <span class='ocrx_word' id='word_1_339' title='bbox 199 2375 245 2401; x_wconf 78' lang='lat'><em>29.</em></span> <span class='ocrx_word' id='word_1_340' title='bbox 260 2367 345 2402; x_wconf 87' lang='lat' dir='ltr'><em>est:</em></span> <span class='ocrx_word' id='word_1_341' title='bbox 386 2361 480 2402; x_wconf 90' lang='lat' dir='ltr'><em>Deo</em></span> <span class='ocrx_word' id='word_1_342' title='bbox 520 2360 809 2415; x_wconf 81' lang='lat' dir='ltr'><em>obtemperare</em></span> <span class='ocrx_word' id='word_1_343' title='bbox 841 2365 1004 2414; x_wconf 88' lang='lat' dir='ltr'><em>oportet</em></span> <span class='ocrx_word' id='word_1_344' title='bbox 1034 2360 1175 2414; x_wconf 74' lang='lat' dir='ltr'><em>mayis</em></span> <span class='ocrx_word' id='word_1_345' title='bbox 1215 2373 1342 2414; x_wconf 78' lang='lat' dir='ltr'><em>quam</em></span> <span class='ocrx_word' id='word_1_346' title='bbox 1381 2358 1639 2411; x_wconf 75' lang='lat' dir='ltr'><em>hominibus,</em></span> <span class='ocrx_word' id='word_1_347' title='bbox 1678 2358 1754 2400; x_wconf 87' lang='lat' dir='ltr'><em>sed</em></span> 
     </span>
     <span class='ocr_line' id='line_1_39' title="bbox 260 2413 1753 2471; baseline -0.001 -14"><span class='ocrx_word' id='word_1_348' title='bbox 260 2417 313 2457; x_wconf 90' lang='lat' dir='ltr'><em>de</em></span> <span class='ocrx_word' id='word_1_349' title='bbox 332 2417 426 2458; x_wconf 86' lang='lat' dir='ltr'><em>istis</em></span> <span class='ocrx_word' id='word_1_350' title='bbox 447 2415 743 2457; x_wconf 89' lang='lat' dir='ltr'><em>communibus</em></span> <span class='ocrx_word' id='word_1_351' title='bbox 775 2414 892 2468; x_wconf 90' lang='lat' dir='ltr'><em>dicit,</em></span> <span class='ocrx_word' id='word_1_352' title='bbox 923 2428 1032 2471; x_wconf 84' lang='lat' dir='ltr'><em>quae</em></span> <span class='ocrx_word' id='word_1_353' title='bbox 1062 2428 1148 2455; x_wconf 90' lang='lat' dir='ltr'><em>non</em></span> <span class='ocrx_word' id='word_1_354' title='bbox 1178 2424 1277 2455; x_wconf 87' lang='lat' dir='ltr'><em>sunt</em></span> <span class='ocrx_word' id='word_1_355' title='bbox 1303 2414 1448 2455; x_wconf 88' lang='lat' dir='ltr'><em>timori</em></span> <span class='ocrx_word' id='word_1_356' title='bbox 1476 2413 1579 2455; x_wconf 89' lang='lat' dir='ltr'><em>boni</em></span> <span class='ocrx_word' id='word_1_357' title='bbox 1600 2414 1753 2470; x_wconf 86' lang='lat' dir='ltr'><em>operis,</em></span> 
     </span>
    </p>

    <p class='ocr_par' dir='ltr' id='par_1_15' title="bbox 261 2468 1754 2526">
     <span class='ocr_line' id='line_1_40' title="bbox 261 2468 1754 2526; baseline -0.001 -13"><span class='ocrx_word' id='word_1_358' title='bbox 261 2471 336 2513; x_wconf 86' lang='lat' dir='ltr'><em>sed</em></span> <span class='ocrx_word' id='word_1_359' title='bbox 375 2470 488 2523; x_wconf 88' lang='lat' dir='ltr'><em>mali,</em></span> <span class='ocrx_word' id='word_1_360' title='bbox 529 2471 683 2526; x_wconf 88' lang='lat' dir='ltr'><em>quibus</em></span> <span class='ocrx_word' id='word_1_361' title='bbox 723 2470 869 2526; x_wconf 88' lang='lat' dir='ltr'><em>utique</em></span> <span class='ocrx_word' id='word_1_362' title='bbox 909 2470 983 2526; x_wconf 93' lang='lat' dir='ltr'><em>qui</em></span> <span class='ocrx_word' id='word_1_363' title='bbox 1013 2470 1173 2511; x_wconf 87' lang='lat' dir='ltr'><em>resistit</em></span> <span class='ocrx_word' id='word_1_364' title='bbox 1200 2470 1293 2525; x_wconf 89' lang='lat' dir='ltr'><em>ipse</em></span> <span class='ocrx_word' id='word_1_365' title='bbox 1324 2468 1407 2510; x_wconf 89' lang='lat' dir='ltr'><em>sibi</em></span> <span class='ocrx_word' id='word_1_366' title='bbox 1436 2468 1754 2512; x_wconf 86' lang='lat' dir='ltr'><em>damnationem</em></span> 
     </span>
    </p>
   </div>
   <div class='ocr_carea' id='block_1_5' title="bbox 89 2525 1754 2590">
    <p class='ocr_par' dir='ltr' id='par_1_16' title="bbox 89 2525 1754 2590">
     <span class='ocr_line' id='line_1_41' title="bbox 89 2525 1754 2590; baseline -0.001 -21"><span class='ocrx_word' id='word_1_367' title='bbox 89 2526 183 2590; x_wconf 39' lang='lat'><em>¹³32</em></span> <span class='ocrx_word' id='word_1_368' title='bbox 197 2526 339 2584; x_wconf 65' lang='lat' dir='ltr'><em>13’pro</em></span> <span class='ocrx_word' id='word_1_369' title='bbox 368 2533 585 2582; x_wconf 88' lang='lat' dir='ltr'><em>gestorum</em></span> <span class='ocrx_word' id='word_1_370' title='bbox 616 2525 819 2582; x_wconf 87' lang='lat' dir='ltr'><em>qualitate</em></span> <span class='ocrx_word' id='word_1_371' title='bbox 840 2525 1064 2582; x_wconf 88' lang='lat' dir='ltr'><em>conquirit.</em></span> <span class='ocrx_word' id='word_1_372' title='bbox 1117 2525 1186 2567; x_wconf 86' lang='lat' dir='ltr'><em>Vis</em></span> <span class='ocrx_word' id='word_1_373' title='bbox 1208 2532 1362 2579; x_wconf 87' lang='lat' dir='ltr'><em>autem,</em></span> <span class='ocrx_word' id='word_1_374' title='bbox 1393 2526 1466 2579; x_wconf 87' lang='lat' dir='ltr'><em>ait,</em></span> <span class='ocrx_word' id='word_1_375' title='bbox 1497 2539 1587 2567; x_wconf 91' lang='lat' dir='ltr'><em>non</em></span> <span class='ocrx_word' id='word_1_376' title='bbox 1607 2527 1754 2568; x_wconf 82' lang='lat' dir='ltr'><em>timere</em></span> 
     </span>
    </p>
   </div>
   <div class='ocr_carea' id='block_1_6' title="bbox 261 2640 1754 2708">
    <p class='ocr_par' dir='ltr' id='par_1_17' title="bbox 261 2640 1754 2708">
     <span class='ocr_line' id='line_1_42' title="bbox 261 2640 1754 2675; baseline -0.001 -7"><span class='ocrx_word' id='word_1_377' title='bbox 261 2642 292 2675; x_wconf 77' lang='lat' dir='ltr'><em>a)</em></span> <span class='ocrx_word' id='word_1_378' title='bbox 316 2642 465 2668; x_wconf 81' lang='lat' dir='ltr'><em>defendat</em></span> <span class='ocrx_word' id='word_1_379' title='bbox 484 2642 552 2667; x_wconf 79' lang='lat' dir='ltr'><em>Leo.</em></span> <span class='ocrx_word' id='word_1_380' title='bbox 636 2641 666 2674; x_wconf 92' lang='lat' dir='ltr'><em>b)</em></span> <span class='ocrx_word' id='word_1_381' title='bbox 690 2642 837 2673; x_wconf 84' lang='lat' dir='ltr'><em>quoniam</em></span> <span class='ocrx_word' id='word_1_382' title='bbox 861 2661 867 2666; x_wconf 89' lang='lat'><strong>.</strong></span> <span class='ocrx_word' id='word_1_383' title='bbox 890 2660 898 2667; x_wconf 90' lang='lat'>.</span> <span class='ocrx_word' id='word_1_384' title='bbox 921 2660 927 2665; x_wconf 90' lang='grc'><strong>.</strong></span> <span class='ocrx_word' id='word_1_385' title='bbox 951 2658 958 2666; x_wconf 85' lang='grc'><strong>.</strong></span> <span class='ocrx_word' id='word_1_386' title='bbox 981 2641 1165 2672; x_wconf 84' lang='lat' dir='ltr'><em>temperavit</em></span> <span class='ocrx_word' id='word_1_387' title='bbox 1186 2640 1280 2666; x_wconf 82' lang='lat' dir='ltr'><em>Gelas.</em></span> <span class='ocrx_word' id='word_1_388' title='bbox 1373 2640 1401 2673; x_wconf 88' lang='lat' dir='ltr'><em>c)</em></span> <span class='ocrx_word' id='word_1_389' title='bbox 1423 2640 1615 2673; x_wconf 76' lang='lat' dir='ltr'><em>pontificium</em></span> <span class='ocrx_word' id='word_1_390' title='bbox 1630 2641 1655 2674; x_wconf 82' lang='lat'><em>1,</em></span> <span class='ocrx_word' id='word_1_391' title='bbox 1677 2641 1754 2673; x_wconf 78' lang='lat' dir='ltr'><em>quod</em></span> 
     </span>
     <span class='ocr_line' id='line_1_43' title="bbox 261 2681 604 2708; baseline -0.003 0"><span class='ocrx_word' id='word_1_392' title='bbox 261 2682 419 2708; x_wconf 59' lang='lat' dir='ltr'><em>Sohar-dius</em></span> <span class='ocrx_word' id='word_1_393' title='bbox 440 2681 604 2707; x_wconf 82' lang='lat' dir='ltr'><em>emendavit.</em></span> 
     </span>
    </p>
   </div>
   <div class='ocr_carea' id='block_1_7' title="bbox 262 2772 1754 2964">
    <p class='ocr_par' dir='ltr' id='par_1_18' title="bbox 262 2772 1754 2964">
     <span class='ocr_line' id='line_1_44' title="bbox 265 2772 1752 2818; baseline -0.001 -10"><span class='ocrx_word' id='word_1_394' title='bbox 265 2778 299 2818; x_wconf 90' lang='lat'><em>1)</em></span> <span class='ocrx_word' id='word_1_395' title='bbox 334 2775 358 2809; x_wconf 90' lang='lat' dir='ltr'><em>l.</em></span> <span class='ocrx_word' id='word_1_396' title='bbox 386 2786 417 2808; x_wconf 91' lang='lat' dir='ltr'><em>c.</em></span> <span class='ocrx_word' id='word_1_397' title='bbox 451 2786 486 2818; x_wconf 88' lang='lat' dir='ltr'><em>p.</em></span> <span class='ocrx_word' id='word_1_398' title='bbox 514 2775 597 2807; x_wconf 81' lang='lat'>454.</span> <span class='ocrx_word' id='word_1_399' title='bbox 718 2772 760 2816; x_wconf 78' lang='lat'><em>2)</em></span> <span class='ocrx_word' id='word_1_400' title='bbox 787 2774 950 2817; x_wconf 85' lang='lat' dir='ltr'><em>Epistula</em></span> <span class='ocrx_word' id='word_1_401' title='bbox 974 2774 1106 2807; x_wconf 86' lang='lat' dir='ltr'><em>Leonis</em></span> <span class='ocrx_word' id='word_1_402' title='bbox 1141 2773 1187 2806; x_wconf 85' lang='lat' dir='ltr'><em>ad</em></span> <span class='ocrx_word' id='word_1_403' title='bbox 1213 2773 1438 2806; x_wconf 82' lang='lat' dir='ltr'><em>Pulcheriam</em></span> <span class='ocrx_word' id='word_1_404' title='bbox 1465 2778 1666 2816; x_wconf 83' lang='lat' dir='ltr'><em>augustam,</em></span> <span class='ocrx_word' id='word_1_405' title='bbox 1693 2784 1752 2817; x_wconf 81' lang='lat' dir='ltr'><em>ap.</em></span> 
     </span>
     <span class='ocr_line' id='line_1_45' title="bbox 262 2821 1752 2866; baseline -0.002 -9"><span class='ocrx_word' id='word_1_406' title='bbox 262 2825 486 2864; x_wconf 65' lang='lat' dir='ltr'><em>manchium,</em></span> <span class='ocrx_word' id='word_1_407' title='bbox 505 2823 714 2856; x_wconf 84' lang='lat' dir='ltr'><em>Decretales</em></span> <span class='ocrx_word' id='word_1_408' title='bbox 733 2822 1125 2863; x_wconf 81' lang='lat' dir='ltr'><em>Pseudo-Isidorianae,</em></span> <span class='ocrx_word' id='word_1_409' title='bbox 1144 2822 1243 2866; x_wconf 86' lang='lat' dir='ltr'><em>Lips.</em></span> <span class='ocrx_word' id='word_1_410' title='bbox 1262 2822 1367 2862; x_wconf 81' lang='lat'><em>1863,</em></span> <span class='ocrx_word' id='word_1_411' title='bbox 1394 2835 1429 2866; x_wconf 90' lang='lat' dir='ltr'><em>p.</em></span> <span class='ocrx_word' id='word_1_412' title='bbox 1449 2823 1532 2855; x_wconf 86' lang='lat'>603.</span> <span class='ocrx_word' id='word_1_413' title='bbox 1600 2821 1641 2864; x_wconf 87' lang='lat'><em>3)</em></span> <span class='ocrx_word' id='word_1_414' title='bbox 1665 2823 1752 2865; x_wconf 77' lang='lat' dir='ltr'><em>Epi-</em></span> 
     </span>
     <span class='ocr_line' id='line_1_46' title="bbox 262 2871 1754 2915; baseline -0.003 -9"><span class='ocrx_word' id='word_1_415' title='bbox 262 2873 376 2906; x_wconf 86' lang='lat' dir='ltr'><em>stulae</em></span> <span class='ocrx_word' id='word_1_416' title='bbox 408 2874 645 2906; x_wconf 88' lang='lat' dir='ltr'><em>Romanorum</em></span> <span class='ocrx_word' id='word_1_417' title='bbox 671 2871 880 2915; x_wconf 85' lang='lat' dir='ltr'><em>pontificum</em></span> <span class='ocrx_word' id='word_1_418' title='bbox 914 2873 1091 2914; x_wconf 84' lang='lat' dir='ltr'><em>genuinae</em></span> <span class='ocrx_word' id='word_1_419' title='bbox 1119 2871 1176 2903; x_wconf 89' lang='lat' dir='ltr'><em>ed.</em></span> <span class='ocrx_word' id='word_1_420' title='bbox 1211 2871 1322 2904; x_wconf 85' lang='lat' dir='ltr'><em>Andr.</em></span> <span class='ocrx_word' id='word_1_421' title='bbox 1349 2871 1464 2911; x_wconf 81' lang='lat' dir='ltr'><em>Thiel,</em></span> <span class='ocrx_word' id='word_1_422' title='bbox 1500 2871 1754 2913; x_wconf 75' lang='lat' dir='ltr'><em>Brnnsbergae</em></span> 
     </span>
     <span class='ocr_line' id='line_1_47' title="bbox 266 2920 1079 2964; baseline 0 -12"><span class='ocrx_word' id='word_1_423' title='bbox 266 2921 371 2962; x_wconf 86' lang='grc'><strong>1868,</strong></span> <span class='ocrx_word' id='word_1_424' title='bbox 400 2923 428 2963; x_wconf 89' lang='grc' dir='ltr'><em>Ι,</em></span> <span class='ocrx_word' id='word_1_425' title='bbox 455 2933 490 2964; x_wconf 91' lang='lat' dir='ltr'><em>p.</em></span> <span class='ocrx_word' id='word_1_426' title='bbox 519 2920 602 2954; x_wconf 82' lang='lat'>568.</span> <span class='ocrx_word' id='word_1_427' title='bbox 702 2921 740 2962; x_wconf 87' lang='lat'><em>4)</em></span> <span class='ocrx_word' id='word_1_428' title='bbox 767 2920 790 2952; x_wconf 86' lang='lat'><em>1.</em></span> <span class='ocrx_word' id='word_1_429' title='bbox 820 2931 850 2952; x_wconf 89' lang='lat' dir='ltr'><em>c.</em></span> <span class='ocrx_word' id='word_1_430' title='bbox 878 2920 908 2961; x_wconf 85' lang='grc' dir='ltr'><em>Ι,</em></span> <span class='ocrx_word' id='word_1_431' title='bbox 935 2932 968 2963; x_wconf 91' lang='lat' dir='ltr'><em>p.</em></span> <span class='ocrx_word' id='word_1_432' title='bbox 997 2921 1079 2952; x_wconf 82' lang='lat'>351.</span> 
     </span>
    </p>
   </div>
  </div>
 </body>
</html>
