1878 3308
129 835 168 863 cf.
178 837 285 864 Matth.

163 877 266 910 18‚1·1.

100 921 198 948 Matth
222 922 249 956 5,
257 922 285 950 9.

298 287 345 319 90
552 286 619 319 DE
644 286 855 320 UNITATE
883 286 1156 321 EchESIAE
1183 286 1554 322 CONSERVANDA.

296 412 377 442 nec
407 398 461 441 de
492 399 583 441 eius
613 397 772 440 iudicio
802 397 985 440 iudicari
1013 405 1336 455 praeceperunt,
1372 414 1512 456 neque
1542 399 1797 442 sententiam

296 453 408 497 illius
440 462 637 511 oportere
667 453 842 497 dissolvi
878 455 1203 508 constituerunt,
1243 455 1368 498 cuius
1404 455 1550 511 potius
1579 454 1799 512 sequenda

297 511 468 554 decreta
510 510 779 553 mandarunt.
840 510 967 563 Quod
1008 511 1043 552 si
1086 513 1147 553 ita
1189 517 1265 565 est,
1309 511 1442 553 immo
1482 511 1583 568 quia
1619 511 1680 554 ita
1719 517 1797 566 est,

298 566 538 610 debuerunt
567 566 717 624 procul
747 565 879 609 dubio
909 566 1180 609 adversariae
1209 567 1343 623 partis
1373 567 1567 624 episcopi
1595 572 1671 609 aut
1699 581 1798 610 con·

298 624 454 665 sentire
491 637 589 665 cum
630 622 731 665 sede
770 623 1007 679 apostolica
1042 638 1119 679 pro
1160 637 1266 679 pace
1305 630 1348 666 et
1384 624 1548 667 unitate
1591 622 1804 666 ecclesiae

296 685 371 721 aut
412 680 564 722 merito
608 678 885 721 condemnari
922 686 1070 735 utpote
1106 685 1442 735 transgressores
1484 679 1637 722 iudicii
1681 679 1796 722 sedis

296 735 574 792 apostolicae.
618 735 670 777 In
698 734 779 777 hoc
807 737 919 778 enim
950 737 1121 792 utrique
1151 742 1460 778 consenserunt
1488 742 1531 779 et
1544 735 1797 792 Wigbertus

298 798 340 833 et
359 806 437 834 rex
457 790 701 834 Henrichus
730 797 859 847 atque
888 792 1018 833 totius
1040 790 1246 834 ecclesiae
1271 806 1486 846 assensus,
1515 797 1576 844 ut,
1598 791 1694 848 quis
1728 792 1795 834 uis

298 849 469 890 resistat
489 848 587 904 paci
609 846 679 889 vel
699 846 906 890 ecclesiae
934 847 1003 890 vel
1022 847 1083 890 rei
1104 847 1317 904 publicae,
1348 847 1404 890 sit
1431 848 1485 890 iis
1515 847 1641 890 ‘sicut
1660 854 1703 890 et
1732 849 1795 890 ni-

299 918 375 946 cus
406 910 448 947 et
467 902 747 960 publicanus’.
791 904 936 956 Beati,
966 904 1117 960 inquit,
1141 905 1339 960 pacifici,
1371 905 1579 959 quoniam
1592 903 1688 959 filii
1707 903 1796 946 Dei

295 961 582 1003 vocabuntur.
642 958 726 1002 Sed
772 959 989 1002 discordes
1034 960 1240 1017 episcopi,
1285 960 1432 1017 quales
1477 960 1677 1002 dicuntur
1717 958 1796 1001 filii

294 1015 467 1070 diaboli,
507 1017 582 1081 qui
623 1015 728 1058 alios
772 1014 940 1069 docent,
984 1030 1116 1072 quare
1159 1023 1293 1059 semet
1336 1017 1452 1072 ipsos
1495 1030 1584 1058 non
1623 1015 1793 1069 docent,

294 1072 485 1116 dicentes
513 1078 637 1114 1uxta
665 1072 962 1114 auctoritatem
992 1078 1163 1128 patrum
1193 1071 1349 1115 debere
1379 1086 1457 1114 nos
1487 1074 1638 1116 timere
1667 1071 1795 1128 ligari

294 1128 364 1171 vel
406 1129 563 1171 iniuste
607 1134 648 1171 et
691 1128 1075 1170 excommunicatis
1117 1143 1204 1170 non
1248 1128 1602 1171 communicare?
1665 1127 1794 1171 Unde

296 1186 407 1227 Sicut
428 1184 649 1228 Gelasius¹
681 1198 796 1240 papa
826 1184 995 1226 scribit:
1026 1194 1180 1228 Prorsus
1206 1194 1244 1228 in
1270 1194 1460 1238 quamlibet
1484 1206 1520 1228 se
1539 1192 1682 1237 partem
1708 1204 1792 1228 cau·
1845 1194 1848 1197 ⁴

294 1245 533 1288 sationemque
559 1248 774 1286 convertunt,
801 1244 1015 1287 manifestea
1050 1243 1209 1277 veritatis
1242 1243 1295 1276 ita
1321 1243 1456 1287 laqueis
1489 1244 1719 1286 suffocantur,
1754 1248 1794 1276 ut

295 1293 369 1328 suis
387 1294 459 1338 ipsi
475 1292 589 1327 verbis
610 1292 752 1336 possint
770 1288 1060 1336 actionibusqueb
1085 1292 1258 1334 concludi,
1284 1304 1347 1327 nec
1372 1293 1443 1325 nisi
1467 1293 1580 1326 solam
1598 1292 1795 1335 perniciem

296 1348 491 1382 obstinatae
521 1348 696 1391 perfidiae
730 1347 914 1381 residuam
946 1346 1131 1381 ventilare.
1182 1337 1299 1379 Ecce
1339 1337 1452 1379 enim
1493 1351 1675 1394 quorum
1704 1335 1794 1379 vul-

294 1400 397 1450 gata
425 1393 707 1449 transgressio
737 1399 812 1444 est,
844 1407 922 1448 per
950 1406 1084 1434 unum
1115 1392 1371 1436 scribentem
1402 1399 1650 1449 proponunt
1668 1392 1794 1435 nobis

296 1455 541 1491 sanctorum
572 1456 741 1505 patrum
771 1449 1029 1502 testimonia,
1067 1463 1176 1505 quae
1206 1455 1307 1491 sunt
1335 1450 1448 1491 circa
1477 1463 1550 1491 eos
1590 1449 1665 1507 qui
1701 1449 1794 1491 iun-

295 1513 403 1562 gunt
432 1521 477 1548 se
507 1505 889 1548 excommunicatis
921 1505 1221 1547 communione
1251 1506 1407 1563 aliqua.
1608 1511 1612 1515 '

412 1561 540 1611 Quod
567 1568 721 1614 autem,
750 1561 904 1618 inquit,
935 1563 1318 1605 eaecommunicatis
1347 1577 1436 1604 non
1468 1563 1525 1603 sit
1554 1562 1789 1604 communi-

297 1619 503 1672 candum,
531 1618 771 1660 audiamus
802 1623 999 1659 sanctum
1029 1616 1282 1660 Callistum
1306 1632 1506 1674 papam:
1541 1627 1791 1661 Excommuni-

296 1683 393 1711 catos
419 1690 442 1710 a
467 1677 707 1711 sacerdotibus
733 1677 854 1710 mallus
881 1677 1030 1719 recipiat
1056 1681 1136 1710 ante
1155 1677 1338 1721 utriusque
1357 1676 1475 1721 partis
1494 1676 1791 1710 examinationem

295 1727 437 1767 iustam,
473 1738 535 1759 nec
562 1727 611 1760 eis
645 1727 684 1758 in
717 1726 876 1759 oratione
912 1732 975 1758 aut
1009 1725 1082 1758 cibo
1116 1726 1173 1759 vel
1196 1732 1289 1769 potu
1323 1732 1386 1759 aut
1412 1726 1527 1759 osculo
1554 1725 1791 1767 communicet,

295 1791 359 1813 nec
392 1791 457 1812 ave
483 1779 532 1813 eis
565 1779 673 1813 dicat.
735 1771 939 1812 Urbanus
970 1777 1156 1825 papa⁸5
1195 1781 1306 1814 Valde
1341 1780 1497 1814 timenda
1531 1785 1582 1814 est
1617 1779 1792 1813 sententia
1846 1807 1849 1811 .

298 1827 451 1872 episcopi
461 1832 487 1869 ⁰,
515 1828 593 1862 licet
617 1829 745 1863 iniuste
771 1830 923 1873 aliquem
949 1830 1038 1872 liget,
1072 1831 1166 1872 quod
1199 1835 1315 1863 tamen
1340 1839 1558 1872 summopere
1577 1829 1792 1871 praevidere

299 1884 410 1917 debet.
467 1872 741 1931 Gregorius4
772 1877 820 1918 in
859 1875 1074 1917 homiliis:
1126 1885 1248 1917 Utrum
1282 1884 1373 1918 iuste
1406 1895 1454 1917 an
1495 1883 1626 1916 iniuste
1664 1883 1791 1927 obliget

289 1936 429 1975 pastor,
450 1934 610 1975 pastoris
636 1938 754 1969 tamen
780 1934 953 1968 sententia
978 1934 1076 1978 yreyi
1102 1932 1258 1967 timenda
1283 1938 1344 1975 est,
1375 1944 1419 1966 ne
1444 1932 1475 1965 is
1515 1929 1578 1976 qui
1602 1931 1730 1974 subest,
1757 1935 1790 1965 et

296 1993 375 2014 cum
399 1981 528 2015 iniuste
544 1983 706 2025 forsitan
733 1983 876 2027 ligatur,
902 1983 1016 2027 ipsam
1043 1981 1265 2026 obliyationis
1291 1993 1378 2015 suae
1405 1981 1613 2015 sententiam
1646 1991 1689 2014 ex
1715 1979 1791 2013 alia

297 2031 404 2073 culpa
429 2037 617 2064 mereatur.
669 2032 799 2066 Pastor
833 2044 911 2076 erqo
939 2033 995 2066 vel
1019 2032 1198 2065 absolvere
1223 2031 1411 2064 indiscrete
1436 2030 1556 2063 timeat
1586 2030 1642 2062 vel
1665 2029 1790 2073 ligare.

296 2079 335 2112 Is
355 2085 482 2121 autem,
509 2080 572 2123 qui
597 2081 661 2114 sub
680 2093 789 2114 manu
800 2081 959 2124 pastoris
978 2086 1037 2122 est,
1063 2079 1171 2124 ligari
1197 2080 1314 2113 timeat
1341 2079 1397 2112 vel
1411 2078 1541 2112 iniuste
1557 2088 1621 2111 nec
1635 2075 1791 2121 pastoris

296 2127 468 2162 iudicium
486 2134 611 2163 temere
628 2130 876 2172 reprehendat,
902 2142 959 2171 ne,
983 2130 1047 2163 etsi
1063 2126 1218 2162 iniusted
1237 2128 1368 2172 quatus
1386 2133 1448 2169 est,
1476 2139 1519 2162 ex
1535 2127 1615 2170 ipsa
1631 2125 1790 2160 tumidae

296 2182 575 2226 reprehensionis
601 2183 770 2227 superbia
795 2185 910 2228 culpa,
938 2195 1029 2227 quae
1054 2195 1126 2217 non
1153 2188 1239 2223 erat,
1256 2183 1338 2226 fiat.
1382 2174 1499 2215 Idem
1522 2171 1791 2228 Gregoriu8³

289 2229 573 2285 presbyteris,
606 2230 820 2282 diaconis,
852 2229 1070 2271 nobilibus
1103 2235 1142 2271 et
1170 2227 1338 2284 populo
1369 2229 1580 2271 Iaderae:
1624 2238 1792 2271 Pervenit

297 2289 347 2321 ad
371 2299 436 2329 me,
463 2289 635 2331 quosdam
668 2294 863 2322 vestrorum
894 2288 1101 2333 ignorantia
1134 2288 1190 2320 vel
1221 2288 1426 2322 necessitate
1451 2289 1610 2331 deceptos
1635 2286 1702 2328 his,
1728 2284 1791 2329 qui

297 2337 341 2370 ab
369 2338 563 2379 apostolica
588 2338 681 2380 sede,
701 2339 807 2380 culpa
832 2338 922 2371 sicut
946 2337 1056 2371 nostis
1083 2337 1250 2381 exigente,
1276 2338 1514 2371 communione
1531 2335 1671 2379 privati
1694 2340 1789 2375 sunt,

297 2386 581 2427 communicasse,
606 2387 778 2429 quosdam
804 2398 885 2420 vero
912 2391 971 2419 see
997 2384 1133 2418 salubri
1159 2384 1378 2426 discretione,
1401 2390 1603 2429 protegente
1621 2383 1787 2425 Domino,

297 2434 542 2476 suspendisse,-
568 2439 599 2467 et
625 2439 796 2477 quantum
821 2435 864 2468 de
891 2432 1129 2468 constant-ibus
1152 2433 1306 2477 gaudeo,
1339 2439 1476 2467 tantum
1501 2434 1544 2467 de
1565 2432 1790 2467 deviantibus

296 2481 496 2526 inyemisco,
532 2484 700 2526 quoniam
733 2495 858 2517 sacrae
893 2481 1145 2516 communionis
1178 2482 1358 2524 mysteria,
1393 2494 1484 2526 quae
1511 2483 1560 2515 ad
1584 2481 1790 2515 solutionem

297 2531 396 2564 nobis
431 2530 557 2565 divina
583 2531 718 2574 pietate
753 2543 916 2565 concessa
941 2537 1034 2572 sunt,
1061 2531 1098 2564 in
1131 2531 1374 2564 detrimentum
1401 2530 1540 2565 animae
1566 2541 1652 2564 suae
1677 2530 1790 2574 magis

296 2586 511 2622 receperunt.
551 2580 599 2613 Et
616 2581 712 2623 quia,
739 2581 828 2614 sicut
854 2579 950 2613 vobis
977 2579 1191 2623 omnipotens
1219 2579 1318 2612 Deus
1342 2580 1549 2620 innotescat,
1575 2579 1792 2613 vehementer

298 2628 442 2661 caritati
467 2634 603 2662 vestrae
630 2633 661 2662 et
685 2629 886 2662 medullitus
913 2640 955 2662 ex
982 2634 1050 2661 toto
1076 2627 1271 2671 compatior
1292 2634 1442 2671 paterno
1469 2630 1606 2672 affectu,
1642 2628 1791 2661 obtestor

300 2747 331 2782 a)
354 2749 539 2775 manifestae
562 2750 621 2776 Get.
712 2749 743 2782 b)
767 2750 946 2782 actibusque
969 2751 1027 2777 Gel.
1121 2750 1148 2784 c)
1170 2751 1212 2776 ita
1239 2751 1328 2783 Urb.;
1351 2750 1462 2776 Christi
1486 2751 1512 2777 1.
1605 2748 1636 2783 d)
1658 2750 1738 2775 iuste
1761 2749 1790 2775 1.

299 2789 329 2821 e)
351 2789 424 2814 deest
448 2791 480 2821 1;
502 2790 594 2821 recepi
615 2797 648 2815 ez
669 2789 755 2829 Greq.

305 2891 341 2933 1)
368 2890 471 2923 'I'hiel
498 2902 534 2934 p.
562 2891 646 2923 423.
732 2891 770 2933 2)
797 2890 992 2924 Hinsehius
1019 2901 1052 2933 p.
1081 2890 1162 2923 138.
1239 2888 1277 2929 3)
1304 2889 1398 2922 Ibid.
1425 2901 1460 2932 p.
1481 2889 1561 2923 145.
1639 2887 1678 2932 4)
1705 2887 1793 2921 Gre-

302 2941 395 2983 gorii
422 2940 541 2983 Opera
565 2940 593 2983 1,
621 2951 655 2983 p.
685 2939 791 2973 1556.
892 2938 931 2983 5)
958 2939 1122 2982 Gregorii
1147 2938 1334 2982 Epistulae
1359 2938 1422 2979 VI,
1449 2938 1509 2971 46.
