1878 3308
294 229 340 260 14
553 228 619 260 DE
645 226 857 260 UNITATE
884 225 1157 258 ECCLESIAE
1186 225 1553 260 CONSERVANDA.

78 358 279 392 1.1>etr.s‚17.
294 338 691 396 superintendentes
711 338 908 380 dicuntur
938 351 993 379 ex
1014 335 1182 379 Graeca
1199 337 1425 380 locutione.
1465 339 1622 392 Deum,
1651 338 1789 395 inquit

294 394 528 452 apostolus,
558 396 708 447 timete,
739 409 880 450 reyern
910 392 1204 446 honorificate.
1249 392 1426 450 Alioqui
1454 400 1560 450 puta
1579 394 1707 437 etiam
1735 394 1788 436 de

295 453 390 508 ipso
421 451 613 507 principe
643 449 914 491 sacerdotum
945 463 995 490 eo
1025 448 1153 490 modo
1184 449 1365 491 sensisse
1385 464 1544 506 regem,
1574 464 1658 507 quo
1686 450 1788 505 legi-

295 522 390 549 mus
421 507 523 548 scite
552 506 740 547 locutum
770 505 902 546 fuisse
931 505 1171 546 Domitium
1201 511 1426 548 oratorem.
1488 505 1577 549 Cur
1606 521 1697 562 690,
1725 507 1787 547 in-

298 563 401 619 quit,
440 569 477 603 te
513 563 689 604 habeam
727 568 774 603 ut
805 562 1072 616 principem,
1113 576 1208 602 cum
1245 567 1292 602 tu
1330 576 1395 603 me
1424 576 1513 604 non
1549 562 1712 604 habeas
1741 568 1805 604 ut.

78 618 564 669 natm.⁷,12.senatorem?
610 617 668 658 Et
696 617 908 658 Dominus
946 618 988 657 in
1020 615 1263 671 euangelio:
1310 616 1480 670 Omnia,
1521 633 1630 674 quae
1658 616 1791 660 vultis

295 681 342 717 ut
354 674 541 730 faciant
563 674 682 715 vobis
702 673 906 725 homines,
938 673 1085 714 eadem
1116 680 1153 713 et
1180 687 1254 715 vos
1269 673 1415 728 facite
1435 674 1493 715 iis
1502 689 1518 727 ,·
1547 674 1652 716 haec
1673 675 1787 716 enim

294 731 365 783 ait,
395 730 463 772 lem
494 736 531 771 et
597 730 814 784 rophetae.
874 728 960 771 Sed
1000 743 1128 784 saepe
1163 728 1302 770 dictus
1339 743 1390 770 ac
1425 743 1552 785 saepe
1581 729 1794 772 dicendus

293 801 408 843 papa
427 784 557 827 Hilde
589 792 685 827 rant
713 799 758 827 re
789 799 871 838 em,
902 799 1028 849 quem
1059 785 1210 826 beatus
1240 785 1392 827 Petrus
1421 784 1639 841 apostolus
1668 800 1792 842 prae-

295 842 400 897 cipit
429 841 722 894 honorificare,
793 854 877 881 unc
915 839 986 882 1116
1017 841 1183 896 quaerit
1224 841 1285 882 ita
1313 840 1582 895 inhonorare,
1611 849 1659 884 ut
1686 841 1797 884 velit,

295 912 455 951 omnes,
485 899 522 939 si
558 896 650 938 fieri
679 896 825 952 possit,
857 902 1050 938 avertere
1079 895 1133 938 ab
1165 897 1254 938 eius
1286 898 1598 939 communione.
1649 897 1796 940 Huius

293 953 356 996 rei
384 954 523 1009 gratia
553 953 723 1008 scripsit
763 951 868 994 illud
898 966 1069 1008 quoque
1112 951 1349 1008 capitulum
1382 953 1437 995 ad
1478 953 1795 996 confirmandos-

293 1011 459 1051 animos
508 1009 693 1065 partium
743 1023 938 1061 suarum,
982 1007 1050 1049 vel
1103 1008 1159 1049 ad
1205 1008 1550 1064 multiplicandos
1596 1009 1796 1052 homines·

297 1065 529 1107 earundem
567 1065 770 1121 partium,
805 1070 864 1117 ut,
896 1064 933 1105 si
961 1063 1157 1119 pontifex
1186 1064 1404 1106 Romanus
1443 1064 1574 1107 alicui
1604 1065 1796 1108 offensus

294 1121 422 1163 fuerit
459 1135 537 1177 pro
575 1119 741 1162 delictis
776 1121 887 1173 suis,
929 1120 1058 1162 ceteri
1096 1134 1184 1162 non
1222 1120 1407 1164 debeant
1448 1121 1488 1163 ei
1524 1135 1619 1163 esse
1661 1121 1793 1168 amici
1851 1168 1853 1170 ,

295 1176 366 1219 vel
395 1191 493 1219 eum
524 1175 723 1232 alloqui1.

408 1233 446 1275 7.
506 1232 621 1274 Hinc
650 1233 779 1274 ducta
807 1238 870 1274 est
901 1232 1106 1288 quaestio,
1142 1232 1195 1273 de
1231 1246 1316 1287 qua
1344 1231 1564 1289 hucusque
1593 1233 1796 1276 tractavi·

294 1303 404 1342 mus,
447 1288 607 1330 scilicet
645 1289 680 1330 si
722 1288 834 1329 iusta
867 1288 996 1329 fuerit
1031 1286 1137 1329 haec
1176 1287 1352 1329 offensio
1388 1289 1501 1330 circa
1536 1304 1582 1332 re
1615 1303 1684 1331 em
1718 1288 1789 1331 vel

296 1345 428 1400 digna
456 1345 650 1386 Romano
680 1343 895 1401 pontifici,
930 1343 1094 1385 vicario
1135 1343 1270 1385 sancti
1300 1344 1428 1398 Petri,
1467 1344 1543 1401 qui
1608 1345 1735 1387 icitur
1763 1358 1795 1386 aff

295 1408 430 1458 petra,
472 1415 580 1456 quae
618 1405 682 1442 est
712 1398 920 1453 Christus,
962 1413 1059 1440 cum
1097 1398 1143 1440 id
1170 1406 1314 1442 actum
1346 1400 1400 1442 sit
1429 1415 1486 1442 ex
1513 1401 1793 1457 inscriptione

296 1455 475 1513 capituli
512 1454 638 1510 illi'us,
677 1462 724 1498 ut
760 1455 934 1511 plurimi
977 1455 1293 1511 episcoporum,
1338 1455 1602 1510 clericorum,
1646 1471 1791 1499 mona-

297 1513 472 1554 chorum
518 1519 559 1554 et
601 1511 809 1554 laicorum
853 1511 1167 1567 suspenderunt
1210 1526 1256 1553 se
1299 1526 1351 1554 ac
1391 1519 1727 1568 segregaverunt
1763 1527 1797 1555 a·

298 1568 598 1610 communione
628 1568 759 1610 totius
785 1566 900 1609 orbis
921 1565 1214 1621 ecclesiarum,
1245 1574 1454 1624 quotquot
1473 1569 1796 1610 communicant.

295 1625 387 1680 regi
416 1624 682 1665 Francorum
719 1629 761 1664 et
796 1623 1044 1678 imperatori
1072 1622 1376 1677 Romanorum,
1416 1624 1477 1666 ita
1509 1631 1557 1666 ut
1585 1631 1792 1668 exeuntes

297 1695 323 1722 a
356 1679 494 1732 nobis,
529 1693 615 1721 non
657 1693 735 1720 nos
771 1678 826 1720 ab
863 1679 982 1735 ipsis,
1022 1684 1252 1720 vereantur
1289 1678 1413 1721 nobis
1449 1680 1603 1722 sociari
1637 1680 1705 1723 vel
1743 1681 1793 1722 in

298 1734 507 1792 colloquio
546 1734 614 1778 vel
651 1735 697 1776 in
735 1734 857 1791 pacis
899 1733 1044 1776 osculo
1080 1733 1145 1776 vel
1177 1736 1221 1775 in
1253 1736 1458 1778 orationis
1489 1735 1644 1778 studio.
1703 1736 1790 1780 Sed
1854 1781 1856 1784 ,

296 1806 375 1847 pro
416 1790 627 1833 eiusmodi
667 1791 838 1834 scribit²
875 1796 1066 1854 sanctus·
1084 1804 1198 1846 papa
1238 1791 1472 1847 Gregorius
1509 1792 1555 1833 in
1588 1790 1698 1834 libro
1735 1791 1791 1834 de

296 1846 499 1904 pastorali
530 1862 653 1888 cura:
685 1855 770 1890 Cum
794 1861 917 1898 rector,
948 1846 1160 1902 inqulens,
1191 1868 1226 1890 se
1261 1857 1309 1890 ad
1344 1857 1555 1900 loquendum
1574 1862 1790 1901 praeparat,

295 1908 359 1940 sub
378 1912 510 1950 quanto
529 1907 687 1940 cautelae
704 1906 820 1939 studio
840 1907 1016 1948 loquatur,
1044 1906 1214 1947 attendat,
1237 1917 1293 1947 ne,
1315 1906 1346 1938 si
1361 1906 1563 1940 inordinate
1581 1907 1630 1939 ad
1647 1907 1788 1949 loquen-

296 1956 381 1990 dum
406 1955 561 1999 rapitur,
588 1954 717 1989 erroris
743 1955 887 1988 vulnere
905 1954 1124 1988 audientium
1152 1954 1469 1998 cordaferiantur,
1495 1961 1527 1988 et
1545 1955 1789 1998 cumfortasse

296 2009 439 2054 sapiens
465 2008 580 2043 videri
601 2010 789 2050 desiderat,
817 2008 965 2043 unitatis
991 2020 1188 2053 compagem
1213 2008 1418 2052 insipienter
1436 2008 1632 2045 abscindat.
1673 1999 1789 2043 Ecce

295 2062 439 2098 autem
476 2055 610 2096 nostri
647 2055 854 2111 temporis
894 2055 1130 2110 Gregorius
1167 2067 1294 2110 papa,
1335 2055 1407 2110 qui
1445 2060 1486 2096 et
1520 2054 1788 2110 Hildebrant,

296 2125 396 2153 cum
425 2110 654 2167 aliquando
685 2125 732 2152 os
762 2125 887 2152 suum
918 2111 1098 2166 aperuit,
1129 2109 1352 2153 ecclesiam
1375 2109 1521 2152 divisit
1549 2117 1591 2153 et
1618 2118 1789 2167 praeter

296 2181 348 2209 ea
386 2181 496 2223 quae
535 2166 649 2209 dicta
687 2174 787 2208 sunt
815 2181 948 2223 supra
975 2166 1271 2222 propheticam
1308 2165 1462 2208 ollam³
1501 2165 1556 2208 ab
1590 2166 1788 2224 aquilone

295 2224 339 2264 in
376 2228 541 2265 tantum
578 2223 784 2276 accendit,
824 2230 872 2264 ut
907 2237 984 2278 per
1022 2223 1099 2263 hos
1131 2222 1181 2262 17
1213 2228 1287 2263 aut
1316 2236 1366 2263 eo
1402 2220 1586 2277 amplius
1622 2229 1786 2266 annos4

295 2278 455 2335 ubique
500 2279 586 2320 sint
627 2279 672 2319 in
715 2292 846 2334 regno
882 2278 1066 2319 Romani
1103 2277 1275 2333 imperii
1315 2276 1427 2319 bella
1464 2284 1506 2319 et
1543 2277 1787 2334 seditiones,

296 2334 574 2377 ecclesiarum
613 2341 655 2376 et
695 2334 1052 2376 monasteriorum
1090 2332 1289 2374 incendia
1321 2339 1363 2375 et
1392 2332 1714 2389 destructiones,
1745 2342 1788 2378 et

295 2396 343 2431 ut
369 2392 424 2432 sit
448 2390 676 2446 episcopus
705 2389 915 2431 adversus
935 2389 1198 2445 episcopum,
1229 2388 1364 2430 clerus
1385 2388 1591 2431 adversus
1612 2389 1786 2446 clerum,

295 2445 481 2502 populus
511 2446 717 2487 adversus
748 2445 968 2501 populum,
997 2447 1128 2486 immo
1166 2443 1278 2486 filius
1307 2444 1511 2487 adversus
1539 2452 1705 2502 patrem
1745 2454 1789 2490 et

327 2510 420 2544 ater
438 2501 641 2544 adversus
662 2501 797 2542 filium
817 2507 859 2543 et
879 2501 1008 2543 frater
1028 2499 1234 2542 adversus
1253 2500 1440 2542 fratrem.
1481 2500 1594 2543 Hinc
1614 2508 1786 2545 sanctus

334 2557 540 2613 yprianus
571 2558 799 2613 episcopus
830 2563 872 2599 et
892 2563 1054 2612 martyr
1071 2555 1262 2612 loquitur
1287 2557 1397 2599 inter
1415 2555 1498 2598 alia
1525 2555 1712 2613 plurima
1733 2557 1788 2601 de

297 2615 458 2655 unitate
483 2612 709 2655 eeclesiae:
736 2623 851 2663 Quam
876 2621 954 2664 sibi,
983 2612 1180 2668 inquiens
1194 2618 1223 2665 ⁵,
1250 2634 1375 2666 pacem
1403 2623 1616 2666 promittunt
1652 2622 1787 2664 inimici

300 2713 336 2758 1)
362 2715 558 2749 Hinschius
583 2715 607 2749 l.
635 2726 666 2749 c-
702 2727 736 2758 p.
765 2715 823 2747 36.
942 2715 978 2757 2)
1006 2716 1170 2758 Gregorii
1196 2727 1304 2759 opera
1330 2716 1379 2757 11,
1407 2727 1442 2759 p.
1462 2716 1520 2748 17.
1629 2712 1669 2758 3)
1695 2715 1785 2748 Eze-

298 2764 392 2797 chiel
420 2765 451 2806 1,
478 2765 512 2797 4.
611 2763 648 2805 4)
683 2764 787 2808 Haec
821 2763 932 2796 verba
966 2774 998 2797 a.
1028 2764 1132 2796 1090.
1168 2766 1302 2808 scripta
1333 2765 1404 2797 sint
1436 2773 1586 2797 necesse
1613 2767 1677 2805 est,
1703 2774 1784 2798 cum

295 2812 393 2846 bella
419 2816 456 2846 et
478 2813 673 2846 seditiones
707 2823 740 2845 a.
771 2811 876 2845 1073.
910 2814 1046 2845 moveri
1079 2816 1208 2857 coepta
1241 2814 1323 2847 sint.
1423 2811 1461 2856 5)
1489 2812 1698 2857 Cyprianus,
1729 2812 1786 2844 De

297 2863 434 2895 unitate
454 2861 598 2901 eccles„
624 2872 733 2904 opera
756 2861 826 2903 111,
857 2863 887 2902 1,
913 2873 947 2904 p.
975 2861 1058 2905 222,
1087 2863 1121 2895 2.
