<?xml version="1.0" encoding="UTF-8"?>
<!DOCTYPE html PUBLIC "-//W3C//DTD XHTML 1.0 Transitional//EN"
    "http://www.w3.org/TR/xhtml1/DTD/xhtml1-transitional.dtd">
<html xmlns="http://www.w3.org/1999/xhtml" xml:lang="en" lang="en">
 <head>
  <title>
</title>
<meta http-equiv="Content-Type" content="text/html;charset=utf-8" />
  <meta name='ocr-system' content='tesseract 3.04.00' />
  <meta name='ocr-capabilities' content='ocr_page ocr_carea ocr_par ocr_line ocrx_word'/>
</head>
<body>
  <div class='ocr_page' id='page_1' title='image "./waltramiutvidetu00walruoft_0024.png"; bbox 0 0 1878 3308; ppageno 0'>
   <div class='ocr_carea' id='block_1_1' title="bbox 354 274 1249 311">
    <p class='ocr_par' dir='ltr' id='par_1_1' title="bbox 354 274 1249 311">
     <span class='ocr_line' id='line_1_1' title="bbox 354 274 1249 311; baseline 0.011 -11"><span class='ocrx_word' id='word_1_1' title='bbox 354 277 422 311; x_wconf 72' lang='lat' dir='ltr'><em>xx</em></span> <span class='ocrx_word' id='word_1_2' title='bbox 960 274 1249 310; x_wconf 79' lang='lat' dir='ltr'><strong>PRAEFATIO.</strong></span> 
     </span>
    </p>
   </div>
   <div class='ocr_carea' id='block_1_2' title="bbox 353 387 1864 2628">
    <p class='ocr_par' dir='ltr' id='par_1_2' title="bbox 354 387 1849 501">
     <span class='ocr_line' id='line_1_2' title="bbox 354 387 1849 446; baseline -0.001 -15"><span class='ocrx_word' id='word_1_3' title='bbox 354 389 533 446; x_wconf 64' lang='lat' dir='ltr'><em>longius</em></span> <span class='ocrx_word' id='word_1_4' title='bbox 562 388 804 444; x_wconf 74' lang='lat' dir='ltr'><em>expositum</em></span> <span class='ocrx_word' id='word_1_5' title='bbox 834 393 1138 444; x_wconf 62' lang='lat' dir='ltr'><em>argumentum</em></span> <span class='ocrx_word' id='word_1_6' title='bbox 1167 388 1411 444; x_wconf 78' lang='lat' dir='ltr'><em>superioris</em></span> <span class='ocrx_word' id='word_1_7' title='bbox 1440 387 1666 444; x_wconf 81' lang='lat' dir='ltr'><em>epistulae.</em></span> <span class='ocrx_word' id='word_1_8' title='bbox 1714 387 1849 431; x_wconf 83' lang='lat' dir='ltr'><em>Cuius</em></span> 
     </span>
     <span class='ocr_line' id='line_1_3' title="bbox 356 443 1301 501; baseline -0.001 -14"><span class='ocrx_word' id='word_1_9' title='bbox 356 444 564 501; x_wconf 77' lang='lat' dir='ltr'><em>refutatio</em></span> <span class='ocrx_word' id='word_1_10' title='bbox 587 445 733 500; x_wconf 87' lang='lat' dir='ltr'><em>primi</em></span> <span class='ocrx_word' id='word_1_11' title='bbox 759 443 864 486; x_wconf 87' lang='lat' dir='ltr'><em>libri</em></span> <span class='ocrx_word' id='word_1_12' title='bbox 898 450 957 485; x_wconf 86' lang='lat' dir='ltr'><em>est</em></span> <span class='ocrx_word' id='word_1_13' title='bbox 987 449 1301 500; x_wconf 74' lang='lat' dir='ltr'><em>arqumentum.</em></span> 
     </span>
    </p>

    <p class='ocr_par' dir='ltr' id='par_1_3' title="bbox 355 498 1852 1045">
     <span class='ocr_line' id='line_1_4' title="bbox 478 498 1848 555; baseline -0.001 -13"><span class='ocrx_word' id='word_1_14' title='bbox 478 501 703 543; x_wconf 75' lang='lat' dir='ltr'><em>Videamus</em></span> <span class='ocrx_word' id='word_1_15' title='bbox 733 515 849 542; x_wconf 91' lang='lat' dir='ltr'><em>nunc</em></span> <span class='ocrx_word' id='word_1_16' title='bbox 872 499 1257 555; x_wconf 83' lang='lat' dir='ltr'><em>praeclarissimos</em></span> <span class='ocrx_word' id='word_1_17' title='bbox 1283 500 1519 555; x_wconf 74' lang='lat' dir='ltr'><strong><em>scriptores</em></strong></span> <span class='ocrx_word' id='word_1_18' title='bbox 1536 498 1660 541; x_wconf 75' lang='lat' dir='ltr'><em>illius</em></span> <span class='ocrx_word' id='word_1_19' title='bbox 1679 500 1848 552; x_wconf 85' lang='lat' dir='ltr'><em>aetatis,</em></span> 
     </span>
     <span class='ocr_line' id='line_1_5' title="bbox 357 554 1848 613; baseline -0.001 -15"><span class='ocrx_word' id='word_1_20' title='bbox 357 558 434 612; x_wconf 78' lang='lat' dir='ltr'><em>qui</em></span> <span class='ocrx_word' id='word_1_21' title='bbox 472 558 519 599; x_wconf 87' lang='lat' dir='ltr'><em>in</em></span> <span class='ocrx_word' id='word_1_22' title='bbox 555 571 715 613; x_wconf 75' lang='lat' dir='ltr'><em>maqno</em></span> <span class='ocrx_word' id='word_1_23' title='bbox 754 555 830 598; x_wconf 88' lang='lat' dir='ltr'><em>illo</em></span> <span class='ocrx_word' id='word_1_24' title='bbox 860 556 1048 598; x_wconf 85' lang='lat' dir='ltr'><em>discidio</em></span> <span class='ocrx_word' id='word_1_25' title='bbox 1088 559 1204 598; x_wconf 89' lang='lat' dir='ltr'><em>inter</em></span> <span class='ocrx_word' id='word_1_26' title='bbox 1231 571 1277 598; x_wconf 90' lang='lat' dir='ltr'><em>re</em></span> <span class='ocrx_word' id='word_1_27' title='bbox 1309 570 1372 597; x_wconf 89' lang='lat' dir='ltr'><em>em</em></span> <span class='ocrx_word' id='word_1_28' title='bbox 1411 570 1462 598; x_wconf 88' lang='lat' dir='ltr'><em>ac</em></span> <span class='ocrx_word' id='word_1_29' title='bbox 1482 569 1660 612; x_wconf 85' lang='lat' dir='ltr'><em>papam</em></span> <span class='ocrx_word' id='word_1_30' title='bbox 1690 554 1744 596; x_wconf 79' lang='lat' dir='ltr'><em>ab</em></span> <span class='ocrx_word' id='word_1_31' title='bbox 1774 554 1848 597; x_wconf 94' lang='lat' dir='ltr'><em>illo</em></span> 
     </span>
     <span class='ocr_line' id='line_1_6' title="bbox 356 609 1851 668; baseline -0.001 -14"><span class='ocrx_word' id='word_1_32' title='bbox 356 613 553 666; x_wconf 81' lang='lat' dir='ltr'><em>stabant,</em></span> <span class='ocrx_word' id='word_1_33' title='bbox 597 627 780 668; x_wconf 81' lang='lat' dir='ltr'><em>quorum</em></span> <span class='ocrx_word' id='word_1_34' title='bbox 821 611 904 654; x_wconf 86' lang='lat' dir='ltr'><em>alii</em></span> <span class='ocrx_word' id='word_1_35' title='bbox 940 613 1053 654; x_wconf 88' lang='lat' dir='ltr'><em>idem</em></span> <span class='ocrx_word' id='word_1_36' title='bbox 1093 613 1208 668; x_wconf 78' lang='lat' dir='ltr'><em>quod</em></span> <span class='ocrx_word' id='word_1_37' title='bbox 1297 611 1511 654; x_wconf 82' lang='lat' dir='ltr'><em>altramus</em></span> <span class='ocrx_word' id='word_1_38' title='bbox 1551 611 1723 665; x_wconf 82' lang='lat' dir='ltr'><em>dicunt,</em></span> <span class='ocrx_word' id='word_1_39' title='bbox 1769 609 1851 653; x_wconf 88' lang='lat' dir='ltr'><em>alii</em></span> 
     </span>
     <span class='ocr_line' id='line_1_7' title="bbox 357 667 1847 724; baseline -0.001 -14"><span class='ocrx_word' id='word_1_40' title='bbox 357 669 474 724; x_wconf 80' lang='lat' dir='ltr'><em>quod</em></span> <span class='ocrx_word' id='word_1_41' title='bbox 511 668 775 710; x_wconf 86' lang='lat' dir='ltr'><em>Waltramus</em></span> <span class='ocrx_word' id='word_1_42' title='bbox 809 668 1008 724; x_wconf 86' lang='lat' dir='ltr'><em>disputat</em></span> <span class='ocrx_word' id='word_1_43' title='bbox 1043 668 1169 710; x_wconf 88' lang='lat' dir='ltr'><em>novis</em></span> <span class='ocrx_word' id='word_1_44' title='bbox 1201 669 1351 710; x_wconf 86' lang='lat' dir='ltr'><em>causis</em></span> <span class='ocrx_word' id='word_1_45' title='bbox 1384 674 1423 709; x_wconf 82' lang='lat' dir='ltr'><em>et</em></span> <span class='ocrx_word' id='word_1_46' title='bbox 1460 667 1730 724; x_wconf 71' lang='lat' dir='ltr'><em>arqumentis</em></span> <span class='ocrx_word' id='word_1_47' title='bbox 1757 681 1847 709; x_wconf 88' lang='lat' dir='ltr'><em>cor-</em></span> 
     </span>
     <span class='ocr_line' id='line_1_8' title="bbox 355 723 1850 779; baseline -0.001 -13"><span class='ocrx_word' id='word_1_48' title='bbox 355 724 576 766; x_wconf 84' lang='lat' dir='ltr'><em>roborant.</em></span> <span class='ocrx_word' id='word_1_49' title='bbox 635 723 699 766; x_wconf 83' lang='lat' dir='ltr'><em>Ac</em></span> <span class='ocrx_word' id='word_1_50' title='bbox 739 725 951 779; x_wconf 88' lang='lat' dir='ltr'><em>princeps</em></span> <span class='ocrx_word' id='word_1_51' title='bbox 994 725 1168 779; x_wconf 79' lang='lat' dir='ltr'><em>quidem</em></span> <span class='ocrx_word' id='word_1_52' title='bbox 1216 725 1410 766; x_wconf 85' lang='lat' dir='ltr'><em>omnium</em></span> <span class='ocrx_word' id='word_1_53' title='bbox 1449 723 1850 766; x_wconf 75' lang='lat' dir='ltr'><em>commemorandus</em></span> 
     </span>
     <span class='ocr_line' id='line_1_9' title="bbox 357 778 1850 836; baseline 0 -15"><span class='ocrx_word' id='word_1_54' title='bbox 357 786 417 821; x_wconf 84' lang='lat' dir='ltr'><em>est</em></span> <span class='ocrx_word' id='word_1_55' title='bbox 467 780 692 823; x_wconf 87' lang='lat' dir='ltr'><em>Wenricus</em></span> <span class='ocrx_word' id='word_1_56' title='bbox 743 781 1015 823; x_wconf 77' lang='lat' dir='ltr'><em>Treverensis</em></span> <span class='ocrx_word' id='word_1_57' title='bbox 1063 781 1113 822; x_wconf 89' lang='lat' dir='ltr'><em>in</em></span> <span class='ocrx_word' id='word_1_58' title='bbox 1157 780 1347 836; x_wconf 78' lang='lat' dir='ltr'><em>epistula</em></span> <span class='ocrx_word' id='word_1_59' title='bbox 1392 779 1646 823; x_wconf 59' lang='lat' dir='ltr'><em>Theoderici</em></span> <span class='ocrx_word' id='word_1_60' title='bbox 1697 778 1850 822; x_wconf 83' lang='lat' dir='ltr'><em>Virdu—</em></span> 
     </span>
     <span class='ocr_line' id='line_1_10' title="bbox 357 833 1851 892; baseline -0.001 -14"><span class='ocrx_word' id='word_1_61' title='bbox 357 838 506 879; x_wconf 88' lang='lat' dir='ltr'><em>nensis</em></span> <span class='ocrx_word' id='word_1_62' title='bbox 534 836 731 892; x_wconf 76' lang='lat' dir='ltr'><em>episcopi</em></span> <span class='ocrx_word' id='word_1_63' title='bbox 761 836 821 878; x_wconf 90' lang='lat' dir='ltr'><em>ad</em></span> <span class='ocrx_word' id='word_1_64' title='bbox 853 835 1111 892; x_wconf 63' lang='lat' dir='ltr'><em>Gregorium</em></span> <span class='ocrx_word' id='word_1_65' title='bbox 1135 851 1322 892; x_wconf 85' lang='lat' dir='ltr'><em>papam,</em></span> <span class='ocrx_word' id='word_1_66' title='bbox 1362 836 1441 892; x_wconf 83' lang='lat' dir='ltr'><em>qui</em></span> <span class='ocrx_word' id='word_1_67' title='bbox 1469 837 1518 878; x_wconf 86' lang='lat' dir='ltr'><em>in</em></span> <span class='ocrx_word' id='word_1_68' title='bbox 1547 835 1696 879; x_wconf 82' lang='lat' dir='ltr'><em>multis</em></span> <span class='ocrx_word' id='word_1_69' title='bbox 1723 833 1851 877; x_wconf 77' lang='lat' dir='ltr'><em>rebus</em></span> 
     </span>
     <span class='ocr_line' id='line_1_11' title="bbox 358 890 1851 948; baseline -0.001 -15"><span class='ocrx_word' id='word_1_70' title='bbox 358 892 487 934; x_wconf 88' lang='lat' dir='ltr'><em>aliter</em></span> <span class='ocrx_word' id='word_1_71' title='bbox 531 908 583 934; x_wconf 91' lang='lat' dir='ltr'><em>ac</em></span> <span class='ocrx_word' id='word_1_72' title='bbox 639 891 905 934; x_wconf 88' lang='lat' dir='ltr'><em>Waltramus</em></span> <span class='ocrx_word' id='word_1_73' title='bbox 950 893 1159 948; x_wconf 88' lang='lat' dir='ltr'><em>disputat.</em></span> <span class='ocrx_word' id='word_1_74' title='bbox 1232 893 1405 935; x_wconf 80' lang='lat' dir='ltr'><em>Deinde</em></span> <span class='ocrx_word' id='word_1_75' title='bbox 1449 892 1604 934; x_wconf 88' lang='lat' dir='ltr'><em>Petrus</em></span> <span class='ocrx_word' id='word_1_76' title='bbox 1651 890 1851 943; x_wconf 80' lang='lat' dir='ltr'><em>Crassus,</em></span> 
     </span>
     <span class='ocr_line' id='line_1_12' title="bbox 359 947 1852 1045; baseline -0.001 -55"><span class='ocrx_word' id='word_1_77' title='bbox 359 949 436 1045; x_wconf 54' lang='lat' dir='ltr'><em>zui</em></span> <span class='ocrx_word' id='word_1_78' title='bbox 478 949 527 990; x_wconf 89' lang='lat' dir='ltr'><em>in</em></span> <span class='ocrx_word' id='word_1_79' title='bbox 575 949 737 1003; x_wconf 82' lang='lat' dir='ltr'><em>scripto</em></span> <span class='ocrx_word' id='word_1_80' title='bbox 789 963 868 990; x_wconf 89' lang='lat' dir='ltr'><em>suo</em></span> <span class='ocrx_word' id='word_1_81' title='bbox 922 949 1199 1002; x_wconf 86' lang='lat' dir='ltr'><em>demonstrat,</em></span> <span class='ocrx_word' id='word_1_82' title='bbox 1246 947 1508 1005; x_wconf 64' lang='lat' dir='ltr'><em>Gregorium</em></span> <span class='ocrx_word' id='word_1_83' title='bbox 1551 962 1728 1004; x_wconf 87' lang='lat' dir='ltr'><em>papam</em></span> <span class='ocrx_word' id='word_1_84' title='bbox 1779 947 1852 989; x_wconf 86' lang='lat' dir='ltr'><em>ius</em></span> 
     </span>
    </p>

    <p class='ocr_par' dir='ltr' id='par_1_4' title="bbox 353 1003 1864 2054">
     <span class='ocr_line' id='line_1_13' title="bbox 388 1003 1853 1047; baseline -0.002 -1"><span class='ocrx_word' id='word_1_85' title='bbox 388 1004 672 1046; x_wconf 81' lang='lat' dir='ltr'><em>creditarium</em></span> <span class='ocrx_word' id='word_1_86' title='bbox 716 1004 1064 1046; x_wconf 78' lang='lat' dir='ltr'><em>institutionibus</em></span> <span class='ocrx_word' id='word_1_87' title='bbox 1099 1004 1316 1047; x_wconf 83' lang='lat' dir='ltr'><em>Romanis</em></span> <span class='ocrx_word' id='word_1_88' title='bbox 1357 1010 1558 1047; x_wconf 84' lang='lat' dir='ltr'><em>sanctum</em></span> <span class='ocrx_word' id='word_1_89' title='bbox 1590 1003 1776 1046; x_wconf 83' lang='lat' dir='ltr'><em>violasse</em></span> <span class='ocrx_word' id='word_1_90' title='bbox 1814 1008 1853 1044; x_wconf 90' lang='lat' dir='ltr'><em>et</em></span> 
     </span>
     <span class='ocr_line' id='line_1_14' title="bbox 358 1059 1852 1117; baseline -0.001 -16"><span class='ocrx_word' id='word_1_91' title='bbox 358 1075 405 1102; x_wconf 93' lang='lat' dir='ltr'><em>eo</em></span> <span class='ocrx_word' id='word_1_92' title='bbox 457 1060 547 1102; x_wconf 88' lang='lat' dir='ltr'><em>uod</em></span> <span class='ocrx_word' id='word_1_93' title='bbox 568 1061 1003 1102; x_wconf 79' lang='lat' dir='ltr'><em>eoecommunicaverz&#39;t</em></span> <span class='ocrx_word' id='word_1_94' title='bbox 1025 1075 1167 1117; x_wconf 77' lang='lat' dir='ltr'><em>reqem</em></span> <span class='ocrx_word' id='word_1_95' title='bbox 1188 1061 1430 1103; x_wconf 83' lang='lat' dir='ltr'><em>Henricum</em></span> <span class='ocrx_word' id='word_1_96' title='bbox 1460 1075 1623 1102; x_wconf 88' lang='lat' dir='ltr'><em>omnem</em></span> <span class='ocrx_word' id='word_1_97' title='bbox 1654 1059 1852 1102; x_wconf 80' lang='lat' dir='ltr'><em>ordinem</em></span> 
     </span>
     <span class='ocr_line' id='line_1_15' title="bbox 357 1115 1852 1172; baseline -0.001 -16"><span class='ocrx_word' id='word_1_98' title='bbox 357 1115 444 1172; x_wconf 80' lang='lat' dir='ltr'><em>le9i</em></span> <span class='ocrx_word' id='word_1_99' title='bbox 471 1130 523 1156; x_wconf 91' lang='lat' dir='ltr'><em>us</em></span> <span class='ocrx_word' id='word_1_100' title='bbox 567 1118 843 1158; x_wconf 86' lang='lat' dir='ltr'><em>constitutum</em></span> <span class='ocrx_word' id='word_1_101' title='bbox 892 1123 1074 1158; x_wconf 86' lang='lat' dir='ltr'><em>evertere</em></span> <span class='ocrx_word' id='word_1_102' title='bbox 1125 1118 1293 1159; x_wconf 86' lang='lat' dir='ltr'><em>conari.</em></span> <span class='ocrx_word' id='word_1_103' title='bbox 1362 1116 1459 1158; x_wconf 84' lang='lat' dir='ltr'><em>Iam</em></span> <span class='ocrx_word' id='word_1_104' title='bbox 1503 1116 1727 1158; x_wconf 86' lang='lat' dir='ltr'><em>Henricus</em></span> <span class='ocrx_word' id='word_1_105' title='bbox 1773 1128 1852 1156; x_wconf 75' lang='lat' dir='ltr'><em>rea:</em></span> 
     </span>
     <span class='ocr_line' id='line_1_16' title="bbox 357 1170 1852 1229; baseline -0.001 -16"><span class='ocrx_word' id='word_1_106' title='bbox 357 1172 452 1227; x_wconf 90' lang='lat' dir='ltr'><em>ipse</em></span> <span class='ocrx_word' id='word_1_107' title='bbox 480 1173 530 1214; x_wconf 85' lang='lat' dir='ltr'><em>in</em></span> <span class='ocrx_word' id='word_1_108' title='bbox 556 1172 745 1227; x_wconf 77' lang='lat' dir='ltr'><em>epistula</em></span> <span class='ocrx_word' id='word_1_109' title='bbox 767 1173 826 1214; x_wconf 90' lang='lat' dir='ltr'><em>ad</em></span> <span class='ocrx_word' id='word_1_110' title='bbox 848 1171 1138 1229; x_wconf 68' lang='lat' dir='ltr'><em>Greyoriuw</em></span> <span class='ocrx_word' id='word_1_111' title='bbox 1165 1174 1238 1215; x_wconf 89' lang='lat' dir='ltr'><em>ius</em></span> <span class='ocrx_word' id='word_1_112' title='bbox 1256 1187 1385 1214; x_wconf 88' lang='lat' dir='ltr'><em>suum</em></span> <span class='ocrx_word' id='word_1_113' title='bbox 1404 1173 1519 1214; x_wconf 88' lang='lat' dir='ltr'><em>tueri</em></span> <span class='ocrx_word' id='word_1_114' title='bbox 1548 1187 1600 1214; x_wconf 90' lang='lat' dir='ltr'><em>ac</em></span> <span class='ocrx_word' id='word_1_115' title='bbox 1622 1170 1852 1227; x_wconf 63' lang='lat' dir='ltr'><em>dffendere</em></span> 
     </span>
     <span class='ocr_line' id='line_1_17' title="bbox 359 1228 1852 1293; baseline 0 -25"><span class='ocrx_word' id='word_1_116' title='bbox 359 1228 412 1269; x_wconf 82' lang='lat' dir='ltr'><em>ab</em></span> <span class='ocrx_word' id='word_1_117' title='bbox 443 1229 709 1293; x_wconf 60' lang='lat' dir='ltr'><em>arroyantia</em></span> <span class='ocrx_word' id='word_1_118' title='bbox 738 1243 895 1284; x_wconf 90' lang='lat' dir='ltr'><em>papae</em></span> <span class='ocrx_word' id='word_1_119' title='bbox 932 1235 1118 1271; x_wconf 85' lang='lat' dir='ltr'><em>conatur</em></span> <span class='ocrx_word' id='word_1_120' title='bbox 1156 1236 1195 1270; x_wconf 85' lang='lat' dir='ltr'><em>et</em></span> <span class='ocrx_word' id='word_1_121' title='bbox 1228 1229 1362 1281; x_wconf 85' lang='lat' dir='ltr'><em>docet,</em></span> <span class='ocrx_word' id='word_1_122' title='bbox 1384 1229 1627 1284; x_wconf 84' lang='lat' dir='ltr'><em>potentiam</em></span> <span class='ocrx_word' id='word_1_123' title='bbox 1667 1242 1794 1269; x_wconf 84' lang='lat' dir='ltr'><em>suam</em></span> <span class='ocrx_word' id='word_1_124' title='bbox 1824 1242 1852 1268; x_wconf 89' lang='lat' dir='ltr'><em>a</em></span> 
     </span>
     <span class='ocr_line' id='line_1_18' title="bbox 358 1282 1854 1350; baseline 0 -26"><span class='ocrx_word' id='word_1_125' title='bbox 358 1282 478 1325; x_wconf 88' lang='lat' dir='ltr'><em>nullo</em></span> <span class='ocrx_word' id='word_1_126' title='bbox 508 1284 601 1325; x_wconf 77' lang='lat' dir='ltr'><em>nisi</em></span> <span class='ocrx_word' id='word_1_127' title='bbox 629 1298 656 1325; x_wconf 92' lang='lat' dir='ltr'><em>a</em></span> <span class='ocrx_word' id='word_1_128' title='bbox 677 1284 771 1326; x_wconf 88' lang='lat' dir='ltr'><em>Deo</em></span> <span class='ocrx_word' id='word_1_129' title='bbox 801 1300 823 1326; x_wconf 93' lang='lat' dir='ltr'><em>e</em></span> <span class='ocrx_word' id='word_1_130' title='bbox 851 1284 1056 1327; x_wconf 86' lang='lat' dir='ltr'><em>manibus</em></span> <span class='ocrx_word' id='word_1_131' title='bbox 1085 1286 1179 1327; x_wconf 89' lang='lat' dir='ltr'><em>suis</em></span> <span class='ocrx_word' id='word_1_132' title='bbox 1198 1285 1315 1340; x_wconf 89' lang='lat' dir='ltr'><em>eripi</em></span> <span class='ocrx_word' id='word_1_133' title='bbox 1326 1297 1473 1340; x_wconf 87' lang='lat' dir='ltr'><em>posse.</em></span> <span class='ocrx_word' id='word_1_134' title='bbox 1513 1283 1633 1326; x_wconf 86' lang='lat' dir='ltr'><em>Idem</em></span> <span class='ocrx_word' id='word_1_135' title='bbox 1654 1283 1854 1350; x_wconf 65' lang='lat' dir='ltr'><em>queritur</em></span> 
     </span>
     <span class='ocr_line' id='line_1_19' title="bbox 358 1339 1853 1396; baseline 0 -16"><span class='ocrx_word' id='word_1_136' title='bbox 358 1340 406 1380; x_wconf 90' lang='lat' dir='ltr'><em>in</em></span> <span class='ocrx_word' id='word_1_137' title='bbox 447 1339 637 1395; x_wconf 81' lang='lat' dir='ltr'><em>epistula</em></span> <span class='ocrx_word' id='word_1_138' title='bbox 682 1340 742 1382; x_wconf 89' lang='lat' dir='ltr'><em>ad</em></span> <span class='ocrx_word' id='word_1_139' title='bbox 780 1342 1030 1396; x_wconf 85' lang='lat' dir='ltr'><em>episcopum</em></span> <span class='ocrx_word' id='word_1_140' title='bbox 1069 1341 1122 1382; x_wconf 87' lang='lat' dir='ltr'><em>A.</em></span> <span class='ocrx_word' id='word_1_141' title='bbox 1163 1341 1215 1382; x_wconf 90' lang='lat' dir='ltr'><em>de</em></span> <span class='ocrx_word' id='word_1_142' title='bbox 1250 1340 1455 1382; x_wconf 85' lang='lat' dir='ltr'><em>iniuria²</em></span> <span class='ocrx_word' id='word_1_143' title='bbox 1493 1353 1606 1396; x_wconf 78' lang='lat' dir='ltr'><em>quae</em></span> <span class='ocrx_word' id='word_1_144' title='bbox 1651 1339 1761 1381; x_wconf 77' lang='lat' dir='ltr'><em>insit</em></span> <span class='ocrx_word' id='word_1_145' title='bbox 1801 1339 1853 1380; x_wconf 82' lang='lat' dir='ltr'><em>in</em></span> 
     </span>
     <span class='ocr_line' id='line_1_20' title="bbox 357 1393 1853 1451; baseline 0 -15"><span class='ocrx_word' id='word_1_146' title='bbox 357 1396 798 1438; x_wconf 79' lang='lat' dir='ltr'><em>eoecommunicatione</em></span> <span class='ocrx_word' id='word_1_147' title='bbox 828 1411 948 1438; x_wconf 91' lang='lat' dir='ltr'><em>anno</em></span> <span class='ocrx_word' id='word_1_148' title='bbox 978 1396 1099 1439; x_wconf 86' lang='lat'><em>1076.</em></span> <span class='ocrx_word' id='word_1_149' title='bbox 1130 1396 1263 1438; x_wconf 87' lang='lat' dir='ltr'><em>dicta.</em></span> <span class='ocrx_word' id='word_1_150' title='bbox 1314 1395 1572 1451; x_wconf 79' lang='lat' dir='ltr'><em>Sequuntur</em></span> <span class='ocrx_word' id='word_1_151' title='bbox 1599 1393 1853 1437; x_wconf 64' lang='lat' dir='ltr'><em>cardinales</em></span> 
     </span>
     <span class='ocr_line' id='line_1_21' title="bbox 357 1450 1853 1508; baseline 0 -16"><span class='ocrx_word' id='word_1_152' title='bbox 357 1451 624 1494; x_wconf 75' lang='lat' dir='ltr'><em>schismatici</em></span> <span class='ocrx_word' id='word_1_153' title='bbox 635 1458 666 1505; x_wconf 81' lang='lat'><em>³,</em></span> <span class='ocrx_word' id='word_1_154' title='bbox 696 1454 774 1507; x_wconf 84' lang='lat' dir='ltr'><em>qui</em></span> <span class='ocrx_word' id='word_1_155' title='bbox 796 1453 1075 1507; x_wconf 85' lang='lat' dir='ltr'><em>potissimum</em></span> <span class='ocrx_word' id='word_1_156' title='bbox 1103 1452 1234 1494; x_wconf 84' lang='lat' dir='ltr'><em>verba</em></span> <span class='ocrx_word' id='word_1_157' title='bbox 1260 1450 1469 1508; x_wconf 66' lang='lat' dir='ltr'><em>Gregorii</em></span> <span class='ocrx_word' id='word_1_158' title='bbox 1496 1451 1543 1494; x_wconf 89' lang='lat' dir='ltr'><em>I:</em></span> <span class='ocrx_word' id='word_1_159' title='bbox 1574 1451 1610 1493; x_wconf 85' lang='lat' dir='ltr'><em>si</em></span> <span class='ocrx_word' id='word_1_160' title='bbox 1635 1451 1732 1507; x_wconf 81' lang='lat' dir='ltr'><em>quis</em></span> <span class='ocrx_word' id='word_1_161' title='bbox 1751 1463 1853 1493; x_wconf 83' lang='lat' dir='ltr'><em>vero</em></span> 
     </span>
     <span class='ocr_line' id='line_1_22' title="bbox 355 1507 1854 1564; baseline 0 -16"><span class='ocrx_word' id='word_1_162' title='bbox 355 1521 519 1563; x_wconf 85' lang='lat' dir='ltr'><em>regum,</em></span> <span class='ocrx_word' id='word_1_163' title='bbox 550 1507 820 1549; x_wconf 82' lang='lat' dir='ltr'><em>sacerdotum</em></span> <span class='ocrx_word' id='word_1_164' title='bbox 841 1514 937 1551; x_wconf 65' lang='lat' dir='ltr'><em>etc:¹</em></span> <span class='ocrx_word' id='word_1_165' title='bbox 968 1509 1027 1551; x_wconf 90' lang='lat' dir='ltr'><em>ad</em></span> <span class='ocrx_word' id='word_1_166' title='bbox 1049 1509 1291 1551; x_wconf 86' lang='lat' dir='ltr'><em>Henricum</em></span> <span class='ocrx_word' id='word_1_167' title='bbox 1319 1522 1462 1564; x_wconf 75' lang='lat' dir='ltr'><em>reqe‘m</em></span> <span class='ocrx_word' id='word_1_168' title='bbox 1476 1508 1700 1564; x_wconf 82' lang='lat' dir='ltr'><em>pertinere</em></span> <span class='ocrx_word' id='word_1_169' title='bbox 1724 1521 1854 1562; x_wconf 88' lang='lat' dir='ltr'><em>posse</em></span> 
     </span>
     <span class='ocr_line' id='line_1_23' title="bbox 359 1563 1855 1620; baseline 0 -16"><span class='ocrx_word' id='word_1_170' title='bbox 359 1570 534 1620; x_wconf 66' lang='lat' dir='ltr'><em>negant,</em></span> <span class='ocrx_word' id='word_1_171' title='bbox 567 1563 816 1620; x_wconf 74' lang='lat' dir='ltr'><em>Siyebertus</em></span> <span class='ocrx_word' id='word_1_172' title='bbox 838 1563 1160 1607; x_wconf 77' lang='lat' dir='ltr'><em>Gemblacensis</em></span> <span class='ocrx_word' id='word_1_173' title='bbox 1190 1566 1238 1606; x_wconf 89' lang='lat' dir='ltr'><em>in</em></span> <span class='ocrx_word' id='word_1_174' title='bbox 1270 1564 1460 1620; x_wconf 84' lang='lat' dir='ltr'><em>epistula</em></span> <span class='ocrx_word' id='word_1_175' title='bbox 1489 1569 1642 1607; x_wconf 82' lang='lat' dir='ltr'><em>contra</em></span> <span class='ocrx_word' id='word_1_176' title='bbox 1663 1563 1855 1605; x_wconf 78' lang='lat' dir='ltr'><em>Pascha-</em></span> 
     </span>
     <span class='ocr_line' id='line_1_24' title="bbox 359 1619 1856 1676; baseline 0 -16"><span class='ocrx_word' id='word_1_177' title='bbox 359 1619 440 1661; x_wconf 86' lang='lat' dir='ltr'><em>lem</em></span> <span class='ocrx_word' id='word_1_178' title='bbox 464 1626 675 1675; x_wconf 84' lang='lat' dir='ltr'><em>papam⁵,</em></span> <span class='ocrx_word' id='word_1_179' title='bbox 734 1621 783 1662; x_wconf 87' lang='lat' dir='ltr'><em>ui</em></span> <span class='ocrx_word' id='word_1_180' title='bbox 818 1621 954 1662; x_wconf 80' lang='lat' dir='ltr'><em>nioeus</em></span> <span class='ocrx_word' id='word_1_181' title='bbox 984 1621 1176 1676; x_wconf 77' lang='lat' dir='ltr'><em>eoeemplo</em></span> <span class='ocrx_word' id='word_1_182' title='bbox 1198 1621 1435 1663; x_wconf 75' lang='lat' dir='ltr'><em>Sedeckiae</em></span> <span class='ocrx_word' id='word_1_183' title='bbox 1462 1622 1716 1663; x_wconf 86' lang='lat' dir='ltr'><em>iuramenta</em></span> <span class='ocrx_word' id='word_1_184' title='bbox 1745 1619 1856 1661; x_wconf 85' lang='lat' dir='ltr'><em>solvi</em></span> 
     </span>
     <span class='ocr_line' id='line_1_25' title="bbox 355 1675 1854 1743; baseline -0.001 -26"><span class='ocrx_word' id='word_1_185' title='bbox 355 1689 482 1730; x_wconf 86' lang='lat' dir='ltr'><em>posse</em></span> <span class='ocrx_word' id='word_1_186' title='bbox 517 1682 662 1732; x_wconf 74' lang='lat' dir='ltr'><em>neyat,</em></span> <span class='ocrx_word' id='word_1_187' title='bbox 753 1677 824 1718; x_wconf 79' lang='lat' dir='ltr'><em>ido</em></span> <span class='ocrx_word' id='word_1_188' title='bbox 862 1676 1254 1734; x_wconf 73' lang='lat' dir='ltr'><em>Osnabruyensis⁶‚</em></span> <span class='ocrx_word' id='word_1_189' title='bbox 1286 1679 1363 1743; x_wconf 69' lang='lat' dir='ltr'><em>qui</em></span> <span class='ocrx_word' id='word_1_190' title='bbox 1394 1675 1482 1719; x_wconf 80' lang='lat' dir='ltr'><em>Gre</em></span> <span class='ocrx_word' id='word_1_191' title='bbox 1515 1679 1657 1719; x_wconf 78' lang='lat' dir='ltr'><em>orium</em></span> <span class='ocrx_word' id='word_1_192' title='bbox 1682 1689 1854 1732; x_wconf 85' lang='lat' dir='ltr'><em>papam</em></span> 
     </span>
     <span class='ocr_line' id='line_1_26' title="bbox 353 1731 1864 1786; baseline -0.001 -13"><span class='ocrx_word' id='word_1_193' title='bbox 353 1732 551 1786; x_wconf 86' lang='lat' dir='ltr'><em>periurii</em></span> <span class='ocrx_word' id='word_1_194' title='bbox 579 1732 822 1784; x_wconf 86' lang='lat' dir='ltr'><em>insimulat,</em></span> <span class='ocrx_word' id='word_1_195' title='bbox 863 1733 986 1775; x_wconf 86' lang='lat' dir='ltr'><em>Wido</em></span> <span class='ocrx_word' id='word_1_196' title='bbox 1016 1733 1320 1776; x_wconf 76' lang='lat' dir='ltr'><em>Ferrarienszs</em></span> <span class='ocrx_word' id='word_1_197' title='bbox 1336 1741 1362 1774; x_wconf 83' lang='lat'><em>⁷.</em></span> <span class='ocrx_word' id='word_1_198' title='bbox 1391 1758 1444 1764; x_wconf 89' lang='lat'><em>-</em></span> <span class='ocrx_word' id='word_1_199' title='bbox 1517 1739 1533 1774; x_wconf 88' lang='lat' dir='ltr'><em>t</em></span> <span class='ocrx_word' id='word_1_200' title='bbox 1562 1738 1705 1774; x_wconf 84' lang='lat' dir='ltr'><em>autem</em></span> <span class='ocrx_word' id='word_1_201' title='bbox 1738 1731 1864 1774; x_wconf 54' lang='lat' dir='ltr'><em>Waffi</em></span> 
     </span>
     <span class='ocr_line' id='line_1_27' title="bbox 358 1787 1850 1844; baseline 0.001 -16"><span class='ocrx_word' id='word_1_202' title='bbox 358 1793 526 1829; x_wconf 88' lang='lat' dir='ltr'><em>tramus</em></span> <span class='ocrx_word' id='word_1_203' title='bbox 556 1802 684 1844; x_wconf 85' lang='lat' dir='ltr'><em>capp.</em></span> <span class='ocrx_word' id='word_1_204' title='bbox 706 1787 744 1829; x_wconf 82' lang='lat'><em>5.</em></span> <span class='ocrx_word' id='word_1_205' title='bbox 776 1795 814 1830; x_wconf 87' lang='lat' dir='ltr'><em>et</em></span> <span class='ocrx_word' id='word_1_206' title='bbox 842 1789 881 1831; x_wconf 89' lang='grc'><em>6.</em></span> <span class='ocrx_word' id='word_1_207' title='bbox 913 1789 1074 1842; x_wconf 81' lang='lat' dir='ltr'><em>scribit,</em></span> <span class='ocrx_word' id='word_1_208' title='bbox 1105 1792 1152 1832; x_wconf 90' lang='lat' dir='ltr'><em>in</em></span> <span class='ocrx_word' id='word_1_209' title='bbox 1184 1790 1267 1831; x_wconf 77' lang='lat' dir='ltr'><em>hac</em></span> <span class='ocrx_word' id='word_1_210' title='bbox 1297 1804 1344 1831; x_wconf 88' lang='lat' dir='ltr'><em>re</em></span> <span class='ocrx_word' id='word_1_211' title='bbox 1371 1791 1560 1832; x_wconf 76' lang='lat' dir='ltr'><em>maoeime</em></span> <span class='ocrx_word' id='word_1_212' title='bbox 1585 1787 1850 1830; x_wconf 81' lang='lat' dir='ltr'><em>Hildebran-</em></span> 
     </span>
     <span class='ocr_line' id='line_1_28' title="bbox 361 1843 1852 1901; baseline 0.001 -17"><span class='ocrx_word' id='word_1_213' title='bbox 361 1843 465 1885; x_wconf 86' lang='lat' dir='ltr'><em>dum</em></span> <span class='ocrx_word' id='word_1_214' title='bbox 503 1845 663 1886; x_wconf 87' lang='lat' dir='ltr'><em>iniuste</em></span> <span class='ocrx_word' id='word_1_215' title='bbox 702 1847 848 1900; x_wconf 71' lang='lat' dir='ltr'><em>eqisse,</em></span> <span class='ocrx_word' id='word_1_216' title='bbox 888 1845 1005 1901; x_wconf 79' lang='lat' dir='ltr'><em>quod</em></span> <span class='ocrx_word' id='word_1_217' title='bbox 1039 1852 1192 1887; x_wconf 86' lang='lat' dir='ltr'><em>contra</em></span> <span class='ocrx_word' id='word_1_218' title='bbox 1223 1860 1440 1887; x_wconf 86' lang='lat' dir='ltr'><em>canonum</em></span> <span class='ocrx_word' id='word_1_219' title='bbox 1470 1845 1642 1887; x_wconf 87' lang='lat' dir='ltr'><em>decreta</em></span> <span class='ocrx_word' id='word_1_220' title='bbox 1672 1858 1852 1886; x_wconf 86' lang='lat' dir='ltr'><em>accusa-</em></span> 
     </span>
     <span class='ocr_line' id='line_1_29' title="bbox 358 1900 1854 1958; baseline 0.001 -18"><span class='ocrx_word' id='word_1_221' title='bbox 358 1900 517 1941; x_wconf 85' lang='lat' dir='ltr'><em>tionem</em></span> <span class='ocrx_word' id='word_1_222' title='bbox 553 1902 594 1940; x_wconf 82' lang='lat' dir='ltr'><em>in</em></span> <span class='ocrx_word' id='word_1_223' title='bbox 640 1915 782 1956; x_wconf 75' lang='lat' dir='ltr'><em>reyem</em></span> <span class='ocrx_word' id='word_1_224' title='bbox 827 1902 1060 1957; x_wconf 84' lang='lat' dir='ltr'><em>accepisset</em></span> <span class='ocrx_word' id='word_1_225' title='bbox 1104 1917 1282 1958; x_wconf 78' lang='lat' dir='ltr'><em>eumque</em></span> <span class='ocrx_word' id='word_1_226' title='bbox 1327 1902 1752 1954; x_wconf 74' lang='lat' dir='ltr'><em>eoecommunicasset,</em></span> <span class='ocrx_word' id='word_1_227' title='bbox 1792 1901 1854 1942; x_wconf 92' lang='lat' dir='ltr'><em>sic</em></span> 
     </span>
     <span class='ocr_line' id='line_1_30' title="bbox 359 1956 1855 2012; baseline 0.001 -15"><span class='ocrx_word' id='word_1_228' title='bbox 359 1956 491 1997; x_wconf 87' lang='lat' dir='ltr'><em>etiam</em></span> <span class='ocrx_word' id='word_1_229' title='bbox 519 1957 647 1998; x_wconf 86' lang='lat' dir='ltr'><em>ceteri</em></span> <span class='ocrx_word' id='word_1_230' title='bbox 681 1959 927 2012; x_wconf 87' lang='lat' dir='ltr'><em>scriptores,</em></span> <span class='ocrx_word' id='word_1_231' title='bbox 967 1972 1074 2012; x_wconf 78' lang='lat' dir='ltr'><em>quos</em></span> <span class='ocrx_word' id='word_1_232' title='bbox 1109 1959 1448 2011; x_wconf 85' lang='lat' dir='ltr'><em>commemoravi,</em></span> <span class='ocrx_word' id='word_1_233' title='bbox 1486 1957 1538 1999; x_wconf 89' lang='lat' dir='ltr'><em>de</em></span> <span class='ocrx_word' id='word_1_234' title='bbox 1569 1957 1652 1999; x_wconf 71' lang='lat' dir='ltr'><em>hac</em></span> <span class='ocrx_word' id='word_1_235' title='bbox 1680 1971 1729 1999; x_wconf 87' lang='lat' dir='ltr'><em>re</em></span> <span class='ocrx_word' id='word_1_236' title='bbox 1758 1971 1855 1998; x_wconf 86' lang='lat' dir='ltr'><em>cum</em></span> 
     </span>
     <span class='ocr_line' id='line_1_31' title="bbox 361 2013 727 2054; baseline 0.003 -2"><span class='ocrx_word' id='word_1_237' title='bbox 361 2025 408 2053; x_wconf 90' lang='lat' dir='ltr'><em>eo</em></span> <span class='ocrx_word' id='word_1_238' title='bbox 438 2013 727 2054; x_wconf 89' lang='lat' dir='ltr'><em>consentiunt.</em></span> 
     </span>
    </p>

    <p class='ocr_par' dir='ltr' id='par_1_5' title="bbox 359 2067 1854 2628">
     <span class='ocr_line' id='line_1_32' title="bbox 472 2067 1851 2125; baseline 0.001 -16"><span class='ocrx_word' id='word_1_239' title='bbox 472 2068 512 2109; x_wconf 84' lang='lat'><em>2.</em></span> <span class='ocrx_word' id='word_1_240' title='bbox 571 2068 718 2110; x_wconf 90' lang='lat' dir='ltr'><em>Altero</em></span> <span class='ocrx_word' id='word_1_241' title='bbox 756 2067 866 2111; x_wconf 83' lang='lat' dir='ltr'><em>libro</em></span> <span class='ocrx_word' id='word_1_242' title='bbox 905 2069 1171 2112; x_wconf 87' lang='lat' dir='ltr'><em>Waltramus</em></span> <span class='ocrx_word' id='word_1_243' title='bbox 1211 2069 1441 2125; x_wconf 84' lang='lat' dir='ltr'><em>epistulam</em></span> <span class='ocrx_word' id='word_1_244' title='bbox 1471 2069 1675 2111; x_wconf 73' lang='lat' dir='ltr'><em>‘monachi</em></span> <span class='ocrx_word' id='word_1_245' title='bbox 1705 2069 1851 2111; x_wconf 85' lang='lat' dir='ltr'><em>cuius-</em></span> 
     </span>
     <span class='ocr_line' id='line_1_33' title="bbox 361 2123 1852 2181; baseline 0.001 -16"><span class='ocrx_word' id='word_1_246' title='bbox 361 2123 476 2172; x_wconf 87' lang='lat' dir='ltr'><em>dam,</em></span> <span class='ocrx_word' id='word_1_247' title='bbox 507 2126 634 2166; x_wconf 84' lang='lat' dir='ltr'><em>cuius</em></span> <span class='ocrx_word' id='word_1_248' title='bbox 665 2139 818 2167; x_wconf 88' lang='lat' dir='ltr'><em>nomen</em></span> <span class='ocrx_word' id='word_1_249' title='bbox 847 2126 1121 2181; x_wconf 74' lang='lat' dir='ltr'><em>iynoramus,</em></span> <span class='ocrx_word' id='word_1_250' title='bbox 1151 2126 1329 2181; x_wconf 82' lang='lat' dir='ltr'><em>refutat.</em></span> <span class='ocrx_word' id='word_1_251' title='bbox 1373 2126 1496 2167; x_wconf 90' lang='lat' dir='ltr'><em>Haec</em></span> <span class='ocrx_word' id='word_1_252' title='bbox 1516 2125 1706 2181; x_wconf 73' lang='lat' dir='ltr'><em>yrandis</em></span> <span class='ocrx_word' id='word_1_253' title='bbox 1727 2129 1785 2179; x_wconf 89' lang='lat' dir='ltr'><em>(c.</em></span> <span class='ocrx_word' id='word_1_254' title='bbox 1802 2125 1852 2178; x_wconf 88' lang='lat'><em>6)</em></span> 
     </span>
     <span class='ocr_line' id='line_1_34' title="bbox 361 2178 1854 2237; baseline 0.001 -18"><span class='ocrx_word' id='word_1_255' title='bbox 361 2178 565 2234; x_wconf 80' lang='lat' dir='ltr'><em>epistula,</em></span> <span class='ocrx_word' id='word_1_256' title='bbox 604 2195 716 2236; x_wconf 79' lang='lat' dir='ltr'><em>quae</em></span> <span class='ocrx_word' id='word_1_257' title='bbox 755 2187 910 2223; x_wconf 85' lang='lat' dir='ltr'><em>contra</em></span> <span class='ocrx_word' id='word_1_258' title='bbox 951 2181 1202 2223; x_wconf 87' lang='lat' dir='ltr'><em>Clementem</em></span> <span class='ocrx_word' id='word_1_259' title='bbox 1231 2196 1405 2237; x_wconf 90' lang='lat' dir='ltr'><em>papam</em></span> <span class='ocrx_word' id='word_1_260' title='bbox 1445 2185 1503 2235; x_wconf 91' lang='lat' dir='ltr'><em>(c.</em></span> <span class='ocrx_word' id='word_1_261' title='bbox 1533 2181 1584 2233; x_wconf 81' lang='lat'><em>2)</em></span> <span class='ocrx_word' id='word_1_262' title='bbox 1624 2187 1662 2223; x_wconf 88' lang='lat' dir='ltr'><em>et</em></span> <span class='ocrx_word' id='word_1_263' title='bbox 1700 2186 1854 2222; x_wconf 84' lang='lat' dir='ltr'><em>contra</em></span> 
     </span>
     <span class='ocr_line' id='line_1_35' title="bbox 359 2235 1853 2292; baseline 0.001 -16"><span class='ocrx_word' id='word_1_264' title='bbox 359 2236 530 2291; x_wconf 75' lang='lat' dir='ltr'><em>reyiam</em></span> <span class='ocrx_word' id='word_1_265' title='bbox 559 2242 813 2291; x_wconf 88' lang='lat' dir='ltr'><em>potestatem</em></span> <span class='ocrx_word' id='word_1_266' title='bbox 851 2241 908 2291; x_wconf 89' lang='lat' dir='ltr'><em>(c.</em></span> <span class='ocrx_word' id='word_1_267' title='bbox 938 2236 1016 2290; x_wconf 87' lang='lat'><em>37)</em></span> <span class='ocrx_word' id='word_1_268' title='bbox 1045 2252 1133 2292; x_wconf 89' lang='lat' dir='ltr'><em>pro</em></span> <span class='ocrx_word' id='word_1_269' title='bbox 1172 2238 1424 2292; x_wconf 89' lang='lat' dir='ltr'><em>defensione</em></span> <span class='ocrx_word' id='word_1_270' title='bbox 1466 2235 1674 2292; x_wconf 73' lang='lat' dir='ltr'><em>Greqorii</em></span> <span class='ocrx_word' id='word_1_271' title='bbox 1713 2239 1772 2290; x_wconf 92' lang='lat' dir='ltr'><em>(c.</em></span> <span class='ocrx_word' id='word_1_272' title='bbox 1802 2236 1853 2289; x_wconf 88' lang='lat'><em>6)</em></span> 
     </span>
     <span class='ocr_line' id='line_1_36' title="bbox 361 2292 1853 2348; baseline 0.001 -17"><span class='ocrx_word' id='word_1_273' title='bbox 361 2292 528 2346; x_wconf 87' lang='lat' dir='ltr'><em>scripta</em></span> <span class='ocrx_word' id='word_1_274' title='bbox 568 2298 674 2344; x_wconf 84' lang='lat' dir='ltr'><em>erat,</em></span> <span class='ocrx_word' id='word_1_275' title='bbox 719 2293 837 2333; x_wconf 88' lang='lat' dir='ltr'><em>venit</em></span> <span class='ocrx_word' id='word_1_276' title='bbox 873 2307 927 2333; x_wconf 74' lang='lat' dir='ltr'><em>ex</em></span> <span class='ocrx_word' id='word_1_277' title='bbox 963 2293 1111 2334; x_wconf 75' lang='lat' dir='ltr'><em>schola</em></span> <span class='ocrx_word' id='word_1_278' title='bbox 1153 2292 1463 2334; x_wconf 76' lang='lat' dir='ltr'><em>monachorum</em></span> <span class='ocrx_word' id='word_1_279' title='bbox 1505 2292 1558 2334; x_wconf 86' lang='lat' dir='ltr'><em>de</em></span> <span class='ocrx_word' id='word_1_280' title='bbox 1598 2292 1853 2348; x_wconf 74' lang='lat' dir='ltr'><em>Hirsauqia</em></span> 
     </span>
     <span class='ocr_line' id='line_1_37' title="bbox 362 2347 1853 2404; baseline 0.002 -17"><span class='ocrx_word' id='word_1_281' title='bbox 362 2350 419 2399; x_wconf 90' lang='lat' dir='ltr'><em>(c.</em></span> <span class='ocrx_word' id='word_1_282' title='bbox 451 2347 543 2399; x_wconf 88' lang='lat'><em>37).</em></span> <span class='ocrx_word' id='word_1_283' title='bbox 600 2347 907 2402; x_wconf 81' lang='lat' dir='ltr'><em>Respondetur</em></span> <span class='ocrx_word' id='word_1_284' title='bbox 940 2349 987 2390; x_wconf 91' lang='lat' dir='ltr'><em>in</em></span> <span class='ocrx_word' id='word_1_285' title='bbox 1028 2349 1110 2390; x_wconf 75' lang='lat' dir='ltr'><em>hac</em></span> <span class='ocrx_word' id='word_1_286' title='bbox 1151 2348 1341 2404; x_wconf 87' lang='lat' dir='ltr'><em>epistula</em></span> <span class='ocrx_word' id='word_1_287' title='bbox 1379 2349 1441 2390; x_wconf 88' lang='lat' dir='ltr'><em>ad</em></span> <span class='ocrx_word' id='word_1_288' title='bbox 1470 2348 1632 2400; x_wconf 81' lang='lat' dir='ltr'><em>omnia,</em></span> <span class='ocrx_word' id='word_1_289' title='bbox 1663 2363 1774 2404; x_wconf 81' lang='lat' dir='ltr'><em>quae</em></span> <span class='ocrx_word' id='word_1_290' title='bbox 1803 2349 1853 2390; x_wconf 89' lang='lat' dir='ltr'><em>in</em></span> 
     </span>
     <span class='ocr_line' id='line_1_38' title="bbox 370 2401 1851 2469; baseline 0.001 -26"><span class='ocrx_word' id='word_1_291' title='bbox 370 2401 575 2458; x_wconf 73' lang='lat' dir='ltr'><em>Wiqberti</em></span> <span class='ocrx_word' id='word_1_292' title='bbox 599 2403 788 2459; x_wconf 87' lang='lat' dir='ltr'><em>epistula</em></span> <span class='ocrx_word' id='word_1_293' title='bbox 808 2405 1107 2457; x_wconf 82' lang='lat' dir='ltr'><em>inveniuntur,</em></span> <span class='ocrx_word' id='word_1_294' title='bbox 1129 2405 1204 2446; x_wconf 81' lang='lat' dir='ltr'><em>sed</em></span> <span class='ocrx_word' id='word_1_295' title='bbox 1225 2404 1321 2461; x_wconf 85' lang='lat' dir='ltr'><em>quis</em></span> <span class='ocrx_word' id='word_1_296' title='bbox 1337 2405 1403 2455; x_wconf 82' lang='lat' dir='ltr'><em>sit,</em></span> <span class='ocrx_word' id='word_1_297' title='bbox 1427 2405 1503 2457; x_wconf 89' lang='lat' dir='ltr'><em>ait,</em></span> <span class='ocrx_word' id='word_1_298' title='bbox 1523 2403 1579 2445; x_wconf 82' lang='lat' dir='ltr'><em>ad</em></span> <span class='ocrx_word' id='word_1_299' title='bbox 1600 2418 1728 2469; x_wconf 73' lang='lat' dir='ltr'><em>quem</em></span> <span class='ocrx_word' id='word_1_300' title='bbox 1749 2405 1851 2446; x_wconf 83' lang='lat' dir='ltr'><em>seri-</em></span> 
     </span>
     <span class='ocr_line' id='line_1_39' title="bbox 361 2456 1852 2515; baseline 0.001 -16"><span class='ocrx_word' id='word_1_301' title='bbox 361 2456 447 2510; x_wconf 87' lang='lat' dir='ltr'><em>bat,</em></span> <span class='ocrx_word' id='word_1_302' title='bbox 477 2464 619 2500; x_wconf 83' lang='lat' dir='ltr'><em>textus</em></span> <span class='ocrx_word' id='word_1_303' title='bbox 646 2460 884 2514; x_wconf 83' lang='lat' dir='ltr'><em>scripturae</em></span> <span class='ocrx_word' id='word_1_304' title='bbox 912 2473 997 2500; x_wconf 91' lang='lat' dir='ltr'><em>non</em></span> <span class='ocrx_word' id='word_1_305' title='bbox 1024 2459 1198 2513; x_wconf 82' lang='lat' dir='ltr'><em>indicat,</em></span> <span class='ocrx_word' id='word_1_306' title='bbox 1231 2474 1328 2502; x_wconf 92' lang='lat' dir='ltr'><em>cum</em></span> <span class='ocrx_word' id='word_1_307' title='bbox 1357 2474 1437 2502; x_wconf 85' lang='lat' dir='ltr'><em>nec</em></span> <span class='ocrx_word' id='word_1_308' title='bbox 1457 2461 1622 2515; x_wconf 83' lang='lat' dir='ltr'><em>proprii</em></span> <span class='ocrx_word' id='word_1_309' title='bbox 1649 2461 1852 2514; x_wconf 88' lang='lat' dir='ltr'><em>nominis,</em></span> 
     </span>
     <span class='ocr_line' id='line_1_40' title="bbox 361 2514 1853 2572; baseline 0.003 -19"><span class='ocrx_word' id='word_1_310' title='bbox 361 2526 442 2554; x_wconf 86' lang='lat' dir='ltr'><em>nec</em></span> <span class='ocrx_word' id='word_1_311' title='bbox 485 2514 575 2555; x_wconf 86' lang='lat' dir='ltr'><em>eius</em></span> <span class='ocrx_word' id='word_1_312' title='bbox 614 2514 670 2556; x_wconf 83' lang='lat' dir='ltr'><em>ad</em></span> <span class='ocrx_word' id='word_1_313' title='bbox 711 2529 839 2570; x_wconf 84' lang='lat' dir='ltr'><em>quem</em></span> <span class='ocrx_word' id='word_1_314' title='bbox 883 2514 1084 2557; x_wconf 85' lang='lat' dir='ltr'><em>scribitur</em></span> <span class='ocrx_word' id='word_1_315' title='bbox 1127 2515 1307 2572; x_wconf 85' lang='lat' dir='ltr'><em>epistola</em></span> <span class='ocrx_word' id='word_1_316' title='bbox 1348 2515 1549 2559; x_wconf 83' lang='lat' dir='ltr'><em>vocabuli</em></span> <span class='ocrx_word' id='word_1_317' title='bbox 1591 2517 1853 2559; x_wconf 85' lang='lat' dir='ltr'><em>mentionem</em></span> 
     </span>
     <span class='ocr_line' id='line_1_41' title="bbox 362 2567 1852 2628; baseline 0.003 -18"><span class='ocrx_word' id='word_1_318' title='bbox 362 2567 550 2624; x_wconf 88' lang='lat' dir='ltr'><em>aliquam</em></span> <span class='ocrx_word' id='word_1_319' title='bbox 582 2571 766 2626; x_wconf 83' lang='lat' dir='ltr'><em>scriptor</em></span> <span class='ocrx_word' id='word_1_320' title='bbox 794 2570 944 2613; x_wconf 84' lang='lat' dir='ltr'><em>fecerit</em></span> <span class='ocrx_word' id='word_1_321' title='bbox 974 2572 1082 2625; x_wconf 84' lang='lat' dir='ltr'><em>(III,</em></span> <span class='ocrx_word' id='word_1_322' title='bbox 1099 2571 1162 2626; x_wconf 82' lang='lat'><em>2).</em></span> <span class='ocrx_word' id='word_1_323' title='bbox 1206 2573 1416 2628; x_wconf 83' lang='lat' dir='ltr'><em>Epistula</em></span> <span class='ocrx_word' id='word_1_324' title='bbox 1443 2579 1583 2615; x_wconf 87' lang='lat' dir='ltr'><em>autem</em></span> <span class='ocrx_word' id='word_1_325' title='bbox 1614 2571 1852 2627; x_wconf 83' lang='lat' dir='ltr'><em>Clementis,</em></span> 
     </span>
    </p>
   </div>
   <div class='ocr_carea' id='block_1_3' title="bbox 362 2708 1852 2900">
    <p class='ocr_par' dir='ltr' id='par_1_6' title="bbox 362 2708 1852 2900">
     <span class='ocr_line' id='line_1_42' title="bbox 365 2708 1852 2756; baseline 0.004 -16"><span class='ocrx_word' id='word_1_326' title='bbox 365 2708 403 2752; x_wconf 93' lang='lat'><em>1)</em></span> <span class='ocrx_word' id='word_1_327' title='bbox 433 2709 554 2742; x_wconf 86' lang='lat' dir='ltr'><em>Bruno</em></span> <span class='ocrx_word' id='word_1_328' title='bbox 589 2710 634 2742; x_wconf 85' lang='lat' dir='ltr'><em>de</em></span> <span class='ocrx_word' id='word_1_329' title='bbox 659 2709 755 2742; x_wconf 88' lang='lat' dir='ltr'><em>bello</em></span> <span class='ocrx_word' id='word_1_330' title='bbox 782 2710 959 2743; x_wconf 83' lang='lat' dir='ltr'><em>Saxonico</em></span> <span class='ocrx_word' id='word_1_331' title='bbox 987 2721 1018 2743; x_wconf 88' lang='lat' dir='ltr'><em>c.</em></span> <span class='ocrx_word' id='word_1_332' title='bbox 1047 2711 1112 2752; x_wconf 78' lang='lat'><em>673</em></span> <span class='ocrx_word' id='word_1_333' title='bbox 1149 2710 1244 2744; x_wconf 63' lang='lat' dir='ltr'><em>Jaffd</em></span> <span class='ocrx_word' id='word_1_334' title='bbox 1271 2712 1315 2752; x_wconf 88' lang='lat' dir='ltr'><em>V,</em></span> <span class='ocrx_word' id='word_1_335' title='bbox 1352 2723 1388 2755; x_wconf 91' lang='lat' dir='ltr'><em>p.</em></span> <span class='ocrx_word' id='word_1_336' title='bbox 1417 2712 1498 2746; x_wconf 85' lang='lat'><em>102.</em></span> <span class='ocrx_word' id='word_1_337' title='bbox 1611 2711 1651 2756; x_wconf 82' lang='lat'><em>2)</em></span> <span class='ocrx_word' id='word_1_338' title='bbox 1687 2711 1783 2747; x_wconf 67' lang='lat' dir='ltr'><em>Jaffe</em></span> <span class='ocrx_word' id='word_1_339' title='bbox 1808 2713 1852 2755; x_wconf 87' lang='lat' dir='ltr'><em>V,</em></span> 
     </span>
     <span class='ocr_line' id='line_1_43' title="bbox 362 2757 1852 2805; baseline 0.002 -14"><span class='ocrx_word' id='word_1_340' title='bbox 362 2768 395 2801; x_wconf 89' lang='lat' dir='ltr'><em>p.</em></span> <span class='ocrx_word' id='word_1_341' title='bbox 419 2757 500 2790; x_wconf 80' lang='lat'><strong>107.</strong></span> <span class='ocrx_word' id='word_1_342' title='bbox 522 2757 604 2791; x_wconf 90' lang='grc'><strong>108.</strong></span> <span class='ocrx_word' id='word_1_343' title='bbox 693 2758 730 2800; x_wconf 90' lang='grc'><em>3)</em></span> <span class='ocrx_word' id='word_1_344' title='bbox 759 2758 971 2805; x_wconf 81' lang='lat' dir='ltr'><em>Sudendorf,</em></span> <span class='ocrx_word' id='word_1_345' title='bbox 993 2760 1195 2802; x_wconf 83' lang='lat' dir='ltr'><em>Registrum</em></span> <span class='ocrx_word' id='word_1_346' title='bbox 1223 2760 1274 2803; x_wconf 90' lang='lat' dir='ltr'><em>II,</em></span> <span class='ocrx_word' id='word_1_347' title='bbox 1301 2773 1336 2804; x_wconf 90' lang='lat' dir='ltr'><em>p.</em></span> <span class='ocrx_word' id='word_1_348' title='bbox 1357 2761 1515 2796; x_wconf 80' lang='lat'><strong>61-67,</strong></span> <span class='ocrx_word' id='word_1_349' title='bbox 1614 2762 1652 2804; x_wconf 86' lang='lat'><em>4)</em></span> <span class='ocrx_word' id='word_1_350' title='bbox 1678 2761 1774 2795; x_wconf 66' lang='lat' dir='ltr'><em>Jaffe</em></span> <span class='ocrx_word' id='word_1_351' title='bbox 1798 2761 1852 2803; x_wconf 89' lang='lat' dir='ltr'><em>H,</em></span> 
     </span>
     <span class='ocr_line' id='line_1_44' title="bbox 362 2806 1850 2855; baseline 0.005 -17"><span class='ocrx_word' id='word_1_352' title='bbox 362 2817 396 2849; x_wconf 90' lang='lat' dir='ltr'><em>p.</em></span> <span class='ocrx_word' id='word_1_353' title='bbox 415 2806 506 2848; x_wconf 81' lang='lat'><em>4563</em></span> <span class='ocrx_word' id='word_1_354' title='bbox 533 2807 590 2840; x_wconf 83' lang='lat' dir='ltr'><em>De</em></span> <span class='ocrx_word' id='word_1_355' title='bbox 616 2807 752 2840; x_wconf 76' lang='lat' dir='ltr'><em>unitate</em></span> <span class='ocrx_word' id='word_1_356' title='bbox 780 2807 870 2840; x_wconf 86' lang='lat' dir='ltr'><em>eccl.</em></span> <span class='ocrx_word' id='word_1_357' title='bbox 898 2818 995 2841; x_wconf 85' lang='lat' dir='ltr'><em>cons.</em></span> <span class='ocrx_word' id='word_1_358' title='bbox 1021 2809 1050 2848; x_wconf 95' lang='lat' dir='ltr'><em>I,</em></span> <span class='ocrx_word' id='word_1_359' title='bbox 1071 2809 1127 2841; x_wconf 93' lang='lat'><em>11.</em></span> <span class='ocrx_word' id='word_1_360' title='bbox 1216 2808 1254 2852; x_wconf 78' lang='grc' dir='ltr'><em>ὃ)</em></span> <span class='ocrx_word' id='word_1_361' title='bbox 1280 2809 1374 2843; x_wconf 69' lang='lat' dir='ltr'><em>Jaffc</em></span> <span class='ocrx_word' id='word_1_362' title='bbox 1388 2810 1432 2852; x_wconf 92' lang='lat' dir='ltr'><em>V,</em></span> <span class='ocrx_word' id='word_1_363' title='bbox 1459 2822 1495 2855; x_wconf 88' lang='lat' dir='ltr'><em>p.</em></span> <span class='ocrx_word' id='word_1_364' title='bbox 1518 2810 1600 2844; x_wconf 80' lang='lat'><strong>213.</strong></span> <span class='ocrx_word' id='word_1_365' title='bbox 1693 2810 1732 2852; x_wconf 81' lang='grc'><em>6)</em></span> <span class='ocrx_word' id='word_1_366' title='bbox 1757 2810 1850 2845; x_wconf 84' lang='lat' dir='ltr'><em>Ibid.</em></span> 
     </span>
     <span class='ocr_line' id='line_1_45' title="bbox 363 2855 1152 2900; baseline 0.004 -14"><span class='ocrx_word' id='word_1_367' title='bbox 363 2866 397 2898; x_wconf 90' lang='lat' dir='ltr'><em>p.</em></span> <span class='ocrx_word' id='word_1_368' title='bbox 428 2855 634 2888; x_wconf 82' lang='lat'><em>342—345.</em></span> <span class='ocrx_word' id='word_1_369' title='bbox 737 2855 774 2897; x_wconf 82' lang='lat'><em>7)</em></span> <span class='ocrx_word' id='word_1_370' title='bbox 801 2856 866 2890; x_wconf 85' lang='lat' dir='ltr'><em>SS.</em></span> <span class='ocrx_word' id='word_1_371' title='bbox 893 2857 979 2897; x_wconf 89' lang='lat' dir='ltr'>XII,</span> <span class='ocrx_word' id='word_1_372' title='bbox 1007 2868 1040 2900; x_wconf 92' lang='lat' dir='ltr'><em>p.</em></span> <span class='ocrx_word' id='word_1_373' title='bbox 1071 2857 1152 2890; x_wconf 85' lang='grc'><strong>171.</strong></span> 
     </span>
    </p>
   </div>
  </div>
 </body>
</html>
