1878 3308
84 700 109 725 2.
120 699 200 726 rim.
217 700 243 733 2,
254 700 280 726 4.

84 1431 123 1458 cf.
134 1430 284 1465 Act.4,82.

82 1933 170 1960 Rom.
186 1933 283 1967 10,10.

82 2048 110 2074 2.
120 2046 284 2080 cor.4,13.

131 2712 181 2738 Ps.
195 2711 242 2746 56,
254 2711 283 2738 5.

300 295 346 326 42
546 296 611 329 DE
638 295 848 328 UNITATE
875 293 1149 327 ECCLESIAE
1178 293 1547 328 GONSERVANDA.

411 407 450 449 2.
496 406 555 447 At
575 405 833 448 Hildebrant
863 419 977 461 papa
1006 405 1179 448 miscuit
1209 420 1253 447 se
1274 405 1553 461 plurimorum
1584 406 1794 448 mortibus

300 462 642 516 christianorum,
661 462 923 504 succendens
940 459 1101 517 ubique
1117 461 1316 504 incendia
1336 461 1543 504 bellorum
1565 476 1643 518 per
1657 468 1795 505 totum

299 533 434 575 paene
475 518 715 560 Romanum
756 518 997 574 imperium,
1037 524 1084 559 ut
1119 532 1204 560 non
1245 525 1409 560 teneret
1439 517 1685 560 Henrichus
1715 533 1793 560 rex

299 590 479 631 regnum
518 589 544 615 a
574 574 668 617 Deo
709 573 792 616 sibi
832 572 1035 615 collatum
1065 588 1143 630 per
1172 574 1463 617 successiones
1492 580 1666 632 patrum
1698 589 1802 628 suo-K

299 646 407 675 rum.
451 631 535 683 Qui
557 631 685 672 etiam
714 631 758 671 in
789 644 915 672 usum
946 628 1047 671 belli
1077 630 1285 672 conduxit
1310 629 1467 673 milites
1496 631 1559 672 rei
1578 630 1794 687 publicae,

301 702 397 729 cum
450 686 680 728 militantes
730 686 827 729 Deo
876 686 935 727 im
970 685 1100 728 licare
1149 701 1194 729 se
1242 701 1328 728 non
1377 685 1564 729 debeant
1610 687 1794 744 negotiis

300 742 591 785 saecularibus
640 743 764 784 iuxta
803 741 1074 798 discipinam
1119 742 1348 797 ecclesiae,
1387 749 1429 785 et
1471 748 1649 799 propter
1695 757 1744 785 su
1780 769 1794 775 -

298 798 511 855 plementa
551 798 925 854 stipendiariorum
964 799 1054 840 sive
1091 798 1313 853 mercedis,
1357 813 1435 855 pro
1471 813 1558 864 qua
1596 813 1738 841 merce
1771 814 1794 842 e

297 856 388 897 eius
416 854 703 897 militaverant
731 861 880 897 contra
908 869 1052 910 regem
1084 855 1351 911 eundemque
1414 855 1611 897 atmcium
1638 854 1794 897 Roma-

297 926 473 964 norum,
524 909 726 967 spoliavit
776 911 1014 953 Romanam
1072 910 1293 954 ecclesiam
1349 925 1373 952 ο
1406 910 1638 953 lationibus
1692 910 1795 954 fide-

297 967 414 1021 lium,
455 967 610 1023 quibus
647 967 853 1009 hactenus
891 965 1055 1009 solebat
1088 966 1201 1009 alere
1231 967 1318 1009 indi
1353 968 1511 1009 entiam
1540 980 1795 1024 pauperum,

298 1025 394 1080 qui,
432 1023 543 1065 sicut
586 1023 646 1066 ait
689 1023 944 1066 Laurentius
984 1029 1173 1079 martyr¹
1215 1023 1271 1065 ad
1310 982 1520 1078 ].g)ecium,
1561 1030 1660 1066 sunt
1703 1022 1791 1066 the-

299 1080 415 1121 sauri
459 1080 643 1133 aeterni,
691 1080 765 1136 qui
808 1093 1027 1135 nunquam
1076 1079 1328 1122 minuuntur
1373 1084 1414 1122 et
1457 1086 1674 1133 crescunt,
1721 1079 1795 1136 qui

298 1136 343 1177 in
363 1135 544 1191 singulis
564 1141 849 1192 asperguntur
878 1142 920 1178 et
939 1135 984 1177 in
1005 1135 1233 1178 omnibus³
1256 1136 1545 1191 inveniuntur,
1575 1137 1619 1177 in
1640 1134 1797 1194 quibus

298 1192 463 1234 scilicet
510 1191 718 1234 ecclesiae
766 1191 976 1235 thesauris
1022 1206 1123 1234 vere
1172 1190 1371 1234 Christus
1420 1197 1496 1246 est,
1544 1192 1589 1233 in
1637 1190 1794 1248 quibus

299 1248 459 1291 Christi
495 1247 601 1290 fides
641 1253 718 1291 est.
779 1250 912 1304 Segre
945 1249 1034 1290 avit
1067 1248 1195 1290 etiam
1227 1248 1309 1291 sibi
1338 1248 1394 1291 ab
1424 1247 1607 1291 ecclesia
1634 1247 1794 1305 pleros-

299 1319 382 1360 que
422 1305 649 1361 episcopos
689 1310 817 1361 atque
857 1263 1049 1357 afflatas,
1089 1303 1143 1346 de
1182 1319 1228 1346 re
1258 1303 1431 1361 publica
1461 1311 1604 1347 autem
1635 1302 1796 1360 pleros-

299 1375 381 1416 que
412 1360 544 1403 duces
572 1367 702 1417 atque
730 1361 922 1414 comites,
950 1366 998 1403 ut
1026 1361 1111 1402 iam
1141 1375 1227 1402 non
1256 1361 1341 1402 sint
1369 1375 1503 1402 unum
1540 1374 1695 1417 corpus
1724 1359 1795 1402 vel

299 1415 506 1459 ecclesiae
534 1416 603 1459 vel
631 1418 693 1459 rei
724 1416 938 1474 publicae,
968 1423 1010 1459 et
1039 1422 1088 1459 ut
1115 1431 1201 1458 non
1232 1417 1287 1458 sit
1310 1415 1594 1459 multitudinis
1623 1415 1797 1459 creden-

298 1474 407 1515 tium
445 1487 519 1515 cor
554 1488 687 1515 unum
726 1480 768 1515 et
802 1473 946 1515 anima
973 1487 1060 1514 una
1090 1472 1327 1515 secundum
1356 1471 1631 1530 disciplinam
1661 1471 1794 1514 eccle-

299 1530 400 1583 siae,
431 1528 507 1572 sed
537 1530 622 1571 sint
652 1529 889 1571 secundum
919 1529 1132 1571 comicum
1165 1534 1270 1585 quot
1299 1528 1492 1572 homines
1529 1535 1592 1571 tot
1628 1535 1794 1571 senten-

297 1587 382 1627 tiae
397 1592 426 1627 2.
485 1585 570 1627 Pro
611 1585 677 1627 his
717 1592 759 1627 et
788 1585 1033 1627 huiusmodi
1064 1586 1221 1627 meruit
1248 1583 1344 1626 talis
1375 1584 1632 1628 Hildebrant
1660 1584 1795 1626 domi-

296 1656 378 1682 nus
422 1640 685 1697 apostolicus
730 1641 970 1697 Gregorius
1014 1640 1224 1706 appellari
1263 1646 1392 1696 atque
1429 1641 1473 1683 in
1517 1640 1714 1684 doctrina
1753 1646 1795 1683 et

298 1697 618 1739 conversatione
657 1696 890 1739 catholicus
927 1697 1117 1749 inscribi,
1161 1703 1202 1739 et
1231 1696 1348 1752 apud
1375 1697 1516 1753 ipsum
1545 1704 1675 1753 atque
1707 1697 1794 1752 epi-

297 1766 451 1808 scopos
480 1753 617 1809 ipsius
647 1767 740 1795 esse
770 1752 997 1795 ecclesiam
1018 1752 1103 1794 Dei
1133 1758 1175 1794 et
1203 1753 1410 1795 iustitiam
1432 1753 1529 1795 Dei.
1573 1753 1647 1795 Sic
1677 1754 1793 1794 enim

297 1809 408 1850 inter
436 1808 571 1850 multa
600 1808 682 1851 alia
713 1810 919 1866 scriptum
949 1815 1117 1851 tenetur
1146 1809 1190 1850 in
1217 1807 1398 1865 epistola
1427 1814 1576 1851 contra
1597 1807 1793 1852 Olemen·
1845 1809 1847 1811 ’

297 1871 384 1907 tem
423 1878 596 1922 papam,
663 1880 762 1907 uam
802 1865 1039 1922 reperimus
1076 1865 1298 1920 scripsisse
1334 1864 1551 1922 quandam
1589 1865 1793 1907 infamem

297 1928 566 1977 personam³.
650 1923 786 1978 qitzar,
825 1921 978 1978 inquit,
1018 1922 1241 1976 quoniam,
1273 1922 1385 1963 sicut
1416 1920 1639 1976 apostolus
1669 1922 1791 1975 dicit,

300 1978 427 2019 corde
457 1978 651 2019 creditur
679 1978 740 2019 ad
758 1979 985 2026 iustitiam,
1017 1992 1088 2019 ore
1110 1983 1250 2019 autem
1272 1977 1484 2033 confessio
1504 1978 1562 2032 fit
1591 1977 1653 2019 ad
1672 1976 1790 2019 salu-

298 2039 392 2087 tem,
430 2039 468 2075 et
505 2048 583 2075 nos
620 2035 850 2087 credimus,
872 2039 1059 2090 propter
1089 2033 1206 2090 quod
1235 2039 1273 2074 et
1302 2033 1536 2090 loquimur,
1567 2034 1791 2076 dominum

301 2089 586 2145 apostolicum
610 2089 874 2146 Greyorium
903 2091 951 2131 in
982 2089 1185 2131 doctrina
1206 2096 1244 2131 et
1264 2091 1591 2132 conversatione
1612 2088 1791 2132 catholi-

297 2161 406 2187 cum.
463 2144 523 2187 Et
557 2146 733 2187 iterum:
774 2145 862 2188 Sed
898 2161 986 2188 ‘non
1012 2145 1455 2200 praetermittendum,
1493 2145 1645 2202 inquit,
1675 2145 1792 2201 quod

306 2201 561 2258 querdus
607 2217 650 2244 se
694 2217 862 2244 servum
909 2217 1129 2244 servorum
1171 2201 1258 2243 Dei
1297 2203 1496 2243 nominat
1532 2201 1790 2254 mentiendo,

297 2264 494 2299 sanctam
515 2273 614 2300 vero
635 2265 814 2300 matrem
834 2257 1068 2311 ecclesiam,
1097 2258 1148 2299 id
1167 2264 1226 2298 est
1245 2256 1367 2310 filios
1395 2257 1495 2312 Dei,
1525 2259 1602 2314 qui
1627 2257 1791 2312 spiritu

297 2313 385 2355 Dei
429 2320 640 2370 afflantur,
685 2329 869 2370 quorum
913 2314 1183 2355 conversatio
1227 2315 1277 2354 in
1315 2313 1448 2355 caelis
1490 2319 1564 2366 est,
1603 2319 1790 2355 satanae

297 2384 572 2426 synayoyam
593 2370 788 2426 appellat
799 2375 830 2410 ⁴.
861 2369 975 2411 Ecce
996 2369 1108 2410 enim
1130 2368 1319 2424 episcopi
1335 2367 1621 2411 Hildebrandi
1637 2383 1790 2425 papae,

299 2439 396 2465 cum
427 2426 510 2466 sint
538 2424 690 2481 procul
719 2424 852 2468 dubio
883 2438 1108 2481 corporum
1139 2425 1302 2480 pariter
1331 2430 1373 2466 et
1392 2425 1630 2466 animarum
1656 2423 1791 2466 homi-

299 2480 434 2533 cidae,
465 2495 691 2537 corporum
713 2481 899 2538 quidem,
931 2482 1130 2537 quoniam
1150 2481 1247 2537 ipsi,
1268 2486 1414 2536 utpote
1434 2481 1515 2522 viri
1536 2480 1792 2536 sanguinum

298 2541 341 2576 et
377 2535 526 2590 dolosi,
568 2538 635 2579 usi
680 2544 779 2580 sunt
817 2537 1016 2580 manibus
1057 2537 1137 2579 sibi
1178 2536 1506 2592 obsequentium
1544 2535 1601 2578 ad
1639 2551 1789 2579 necem

296 2590 593 2647 plurimorum,
623 2594 864 2635 animarum
893 2600 1049 2647 autem,
1080 2592 1281 2649 quoniam
1314 2592 1563 2635 occiderunt
1581 2598 1792 2649 quotquot

298 2654 604 2703 separaverunt
641 2650 695 2691 ab
733 2650 895 2691 unitate
932 2647 1166 2691 catholicae
1203 2648 1421 2703 ecclesiae,
1462 2649 1663 2705 quoniam
1701 2646 1791 2690 ‘filii

297 2702 532 2758 hominum,
574 2704 722 2747 dentes
762 2720 910 2747 eorum
945 2719 1065 2747 arma
1099 2710 1141 2746 et
1170 2705 1364 2759 sagittae,
1395 2711 1437 2747 et
1464 2704 1613 2761 lingua
1641 2718 1789 2747 eorum

298 2758 467 2814 gladius
506 2760 682 2813 acutus',
722 2761 867 2818 quales
906 2762 1058 2804 merito
1103 2761 1302 2803 dicuntur
1346 2775 1565 2818 synagoga
1593 2767 1788 2803 satanae:

299 2846 328 2879 a)
350 2847 391 2872 ita
414 2846 479 2877 Ad„
501 2847 655 2873 montibus
680 2850 705 2874 1.

302 2911 335 2951 1)
356 2910 411 2943 Cf.
430 2910 564 2944 Adonis
583 2911 829 2955 Martyrolog.,
847 2914 938 2946 Acta
957 2913 1023 2947 SS.
1042 2913 1192 2956 August.
1211 2914 1260 2955 II,
1281 2925 1316 2956 p.
1333 2912 1415 2946 518.
1435 2914 1518 2945 519.
1600 2910 1637 2954 ἓ)
1656 2911 1787 2944 Teren-

297 2960 380 2999 tius,
415 2959 580 2992 Phormio
615 2960 649 3000 2,
677 2962 710 2992 4.
749 2962 804 2994 14.
917 2963 953 3003 3)
991 2961 1045 2995 cf.
1073 2962 1096 2995 1.
1125 2962 1196 3001 ΙΙΙ,
1225 2973 1256 2995 c.
1285 2963 1321 2996 2.
1439 2960 1477 3004 4)
1514 2961 1569 2995 cf.
1599 2959 1788 3004 epistulam

300 3007 506 3049 Clementis,
533 3008 627 3042 Jaffd
654 3010 697 3048 V,
726 3010 806 3042 145.
835 3014 870 3043 et
898 3011 978 3044 150.
