1878 3308
64 890 267 926 Rom.1³,·1.8.

154 1210 264 1237 matth.

157 1250 202 1283 22,
218 1251 264 1277 21.

76 1503 150 1531 ibid.
163 1504 209 1537 17,
221 1504 266 1532 27.

111 1898 181 1926 Gal.
197 1900 223 1934 1,
236 1900 264 1926 8.

286 261 307 293 6
538 261 605 293 DE
632 260 843 295 UNITATE
870 261 1144 295 ECCLESIAE
1172 262 1543 299 CONSERVANDA.

280 374 339 416 ad
362 374 697 417 destructionem
717 372 1007 415 ecclesiarum.
1053 373 1098 416 Si
1119 375 1232 417 enim
1257 389 1468 432 ponamus
1488 376 1608 419 verbi
1628 379 1779 433 gratia,

280 431 504 473 credentes
548 430 717 474 Christo
761 428 1046 486 potestatibus
1090 430 1250 473 saeculi
1285 431 1499 475 subiectos
1542 447 1628 475 non
1671 449 1778 487 esse,

281 501 368 528 non
389 486 555 530 tradere
574 486 735 529 tributa
764 500 843 529 nec
862 485 1090 542 vectigalia
1109 487 1338 543 pensitare,
1367 488 1471 530 nulli
1491 503 1639 531 eorum
1658 490 1780 532 timo-

281 557 370 585 rem
412 542 479 586 vel
508 542 712 586 honorem
744 542 919 596 deferre,
960 557 1101 584 nonne
1131 558 1208 599 per
1237 542 1319 585 hoc
1348 551 1561 586 rectorum
1591 551 1634 587 et
1661 546 1776 601 prin·

281 599 426 655 cipum
448 600 599 642 merito
620 601 665 641 in
685 605 821 642 semet
836 599 952 656 ipsos
972 614 1092 642 arma
1108 605 1404 642 converterent
1423 605 1466 643 et
1517 609 1778 644 erseoutores

312 655 455 697 uidem
474 670 573 697 suos
589 655 872 709 excusabiles,
894 662 1028 698 semet
1043 656 1160 712 ipsos
1179 671 1279 699 vero
1301 655 1474 712 culpabi
1493 671 1538 699 es
1557 656 1778 702 facerent?

281 670 380 753 {Ion
410 712 523 754 enim
553 713 639 754 iam
666 711 779 766 fidei,
809 711 884 754 sed
906 713 1201 754 contumaciae
1233 726 1364 755 causa
1391 712 1638 769 impugnari
1663 712 1778 756 vide-

281 774 439 822 rentur,
471 775 513 810 et
542 775 654 810 esset
682 768 734 810 iis
755 782 884 810 causa
913 767 1085 824 quidem
1109 769 1258 811 mortis
1279 768 1423 824 digna,
1453 769 1652 811 meritum
1671 784 1777 812 vero

280 825 428 866 mortis
459 824 698 880 indignum.
743 824 840 866 Hoc
861 839 962 879 ergo
1014 824 1216 867 rovidens
1247 824 1354 867 dicit
1382 823 1616 881 apostolus,
1645 826 1776 868 immo

280 895 358 936 per
386 881 627 937 apostolum
658 880 720 922 sic
751 880 918 922 ordinat
950 880 984 923 O
1016 881 1163 923 ristus:
1201 881 1386 923 Reddite
1427 881 1625 923 omnibus
1660 881 1774 924 debi-

280 943 395 978 tum:
444 939 517 978 cui
554 938 771 990 tributum,
808 937 1038 991 tributum,·
1083 938 1158 979 eui
1195 937 1399 994 vectigal,
1445 937 1658 994 veetiyal;
1705 939 1778 980 cui

280 994 486 1046 timorem,
511 994 729 1045 timorem
759 994 832 1035 cui
852 993 1072 1045 honorem,
1094 994 1297 1036 honorem
1310 1009 1325 1046 ;
1357 994 1522 1035 nemini
1542 995 1777 1049 quicquam

280 1049 483 1103 debeatis,
524 1051 611 1091 nisi
648 1055 695 1090 ut
731 1050 916 1091 invicem
957 1049 1169 1105 diliqatis.
1228 1049 1284 1090 Et
1319 1050 1411 1104 ipse
1449 1063 1706 1104 rexvregum
1735 1055 1778 1091 et

280 1104 478 1146 dominus
528 1105 837 1155 dominantium
888 1105 1006 1146 Iesus
1046 1104 1254 1157 Christus,
1304 1105 1502 1160 dignatus
1541 1104 1778 1146 secundum

281 1162 421 1202 carnis
453 1161 815 1217 dispensationem
835 1160 1019 1204 describi
1041 1161 1148 1203 civis
1170 1161 1402 1214 Romanus,
1434 1159 1626 1216 regulam
1646 1174 1775 1217 quam

281 1218 502 1259 constituit
546 1233 674 1274 super
717 1216 796 1269 his,
842 1217 1012 1259 dicens:
1056 1218 1242 1259 Reddite
1287 1233 1400 1274 quae
1436 1223 1537 1258 sunt
1581 1217 1776 1258 caesaris·

281 1275 457 1315 caesari
491 1280 529 1315 et
566 1288 675 1330 quae
705 1279 808 1315 sunt
837 1273 924 1316 Dei
952 1274 1073 1314 Deo.-
1113 1273 1234 1326 hanc,
1266 1273 1454 1329 inquam,
1486 1287 1590 1314 suae
1621 1272 1775 1314 consti-

280 1329 457 1370 tutionis
495 1329 687 1385 regulam
724 1330 900 1385 proprio
941 1329 1207 1371 confirmavit
1236 1327 1448 1385 exemplo.
1507 1328 1633 1369 Dixit
1662 1328 1775 1370 enim

281 1385 336 1427 ad
385 1386 581 1439 Petrum,
631 1390 861 1441 postquam
910 1385 1154 1427 ostenderat
1201 1399 1247 1426 se
1296 1400 1322 1427 a
1369 1384 1530 1426 tributo
1578 1383 1776 1437 liberum,

279 1447 427 1497 utpote
463 1442 578 1496 regis
614 1441 770 1495 filium,
802 1446 844 1483 et
881 1440 1115 1483 secundum
1147 1454 1316 1483 carnem
1353 1446 1395 1482 et
1425 1440 1662 1482 secundum
1691 1441 1777 1496 spi-

278 1498 429 1539 ritum:
491 1498 543 1539 Ut
588 1505 746 1551 autem,
785 1497 945 1554 inquit,
983 1513 1070 1539 non
1115 1496 1462 1539 scandalizemus
1500 1511 1570 1539 eos
1581 1529 1593 1549 ,
1630 1495 1675 1537 id
1713 1501 1778 1538 est

278 1568 332 1595 ne
370 1568 448 1594 nos
495 1556 656 1595 caesari
701 1553 1042 1595 contradicentes
1084 1552 1371 1594 tumultuandi
1408 1553 1460 1593 iis
1505 1552 1775 1593 occasionem

278 1607 578 1666 praebeamus,
608 1610 718 1651 vade
750 1610 810 1650 ad
837 1624 958 1650 mare
987 1616 1026 1651 et
1053 1610 1168 1650 mitte
1197 1610 1386 1659 hamum,
1418 1615 1456 1650 et
1484 1623 1580 1649 eum
1613 1608 1775 1663 piscem

279 1666 358 1721 qui
381 1666 559 1720 primus
591 1666 835 1707 ascenderit
864 1664 961 1707 tolle
991 1671 1029 1706 et
1061 1671 1207 1717 aperto
1237 1680 1309 1707 ore
1337 1665 1430 1706 eius
1460 1665 1656 1706 invenies
1685 1669 1773 1706 sta-

280 1721 462 1772 therem;
502 1720 626 1762 illum
655 1736 841 1774 sumens,
873 1721 933 1762 da
964 1722 1022 1762 iis
1049 1735 1130 1774 pro
1160 1735 1224 1762 me
1255 1726 1292 1762 et
1321 1727 1373 1762 te.
1432 1719 1555 1772 Quae
1586 1733 1685 1761 cum
1715 1720 1775 1762 ita

280 1777 364 1819 sint
400 1792 426 1818 a
466 1777 560 1819 Deo
606 1776 813 1833 disposita
852 1782 894 1818 et
932 1776 1102 1832 scriptis
1143 1782 1186 1817 et
1225 1774 1436 1831 exemplis
1481 1774 1773 1831 comprobata,
1838 1814 1840 1817 ,

279 1847 421 1874 nonne
440 1833 525 1875 Dei
555 1833 812 1875 ordinationi
836 1833 1010 1885 resistit,
1043 1832 1116 1888 qui
1136 1831 1418 1887 potestatibus
1439 1831 1632 1874 resistit?
1660 1830 1776 1888 quali

278 1903 357 1931 nec
395 1888 715 1931 obaudiendum
759 1887 976 1945 apostolus
1014 1888 1237 1943 praecipit,
1283 1889 1456 1930 etiamsi
1482 1887 1682 1943 angelus
1722 1888 1774 1930 de

279 1945 396 1987 caelo
415 1946 542 1988 aliter
558 1961 689 2001 quam
705 1945 1052 2001 euanyelizatum
1072 1950 1133 1986 est
1139 1945 1487 2000 praedicaverit.
1502 1970 1550 1975 -
1569 1942 1773 1997 Quidam,

278 2001 460 2057 inquit1,
491 2002 721 2044 Romanus
744 2000 952 2057 pontifex
980 2015 1122 2056 reyem
1152 2000 1426 2042 Francorum
1454 2014 1544 2042 non
1573 2006 1658 2042 tam
1685 2014 1772 2055 pro

278 2059 372 2099 suis
400 2059 469 2100 ini
499 2057 723 2110 nitatibus,
754 2071 882 2113 quam
906 2071 994 2112 pro
1025 2071 1086 2108 eo,
1128 2056 1244 2112 quod
1272 2062 1421 2098 tantae
1449 2057 1655 2111 potestati
1684 2070 1774 2098 non

278 2120 372 2156 erat
401 2115 467 2155 uti
485 2115 536 2166 ig,
569 2129 597 2154 a
626 2129 761 2169 reyno
791 2114 1005 2167 deposuit.
1062 2112 1270 2168 Superius
1301 2111 1475 2168 quidem
1504 2111 1666 2154 dictum
1696 2117 1772 2165 est,

278 2177 320 2212 et
363 2183 463 2211 vere
507 2170 630 2211 iuxta
671 2169 799 2211 fidem
843 2169 1117 2211 historiarum
1161 2167 1326 2210 dictum
1380 2174 1468 2222 est,
1517 2167 1772 2210 Zachariam

276 2240 435 2281 papam
473 2227 688 2266 communi
726 2225 970 2280 principum
1006 2223 1059 2265 de
1098 2238 1230 2279 regno
1270 2224 1535 2265 Francorum
1569 2223 1773 2279 legationi

277 2295 534 2323 consensum
564 2281 827 2337 praebuisse,
859 2280 931 2336 qui
961 2279 1252 2332 decreverant,
1282 2293 1360 2334 pro
1389 2278 1624 2331 Hilderico,
1654 2293 1680 2320 a
1713 2280 1771 2321 ud

277 2352 405 2392 quem
443 2336 561 2379 nulla
589 2336 657 2379 vel
687 2337 805 2392 regia
834 2341 1022 2391 potestas
1051 2333 1120 2377 vel
1148 2336 1267 2391 regia
1296 2335 1496 2390 dignitas,
1528 2335 1602 2376 sed
1633 2349 1680 2377 so
1698 2350 1771 2378 um

276 2393 442 2447 regium
471 2408 628 2435 nomen
658 2399 760 2445 erat,
792 2392 967 2446 dignam
996 2392 1040 2432 in
1070 2405 1203 2446 regno
1233 2404 1460 2446 personam
1498 2392 1770 2444 constituere,

277 2454 320 2490 et
339 2454 385 2489 ut
406 2450 543 2490 omnis
563 2448 720 2490 exhinc
750 2448 918 2490 occasio
948 2446 1154 2488 tumultus
1183 2445 1363 2500 abesset,
1393 2447 1651 2490 monasterio
1673 2463 1770 2490 eum

276 2505 523 2560 mancipare
536 2512 565 2557 ²,
603 2518 681 2560 pro
721 2518 771 2546 eo
811 2502 928 2560 quod
955 2501 1183 2544 videbatur
1217 2502 1347 2545 fuisse
1376 2502 1419 2545 di
1451 2503 1547 2544 nior
1577 2505 1772 2547 coronari

276 2566 452 2602 tonsura
489 2559 688 2601 monachi
725 2573 854 2616 quam
892 2559 1011 2614 regio
1051 2558 1303 2601 diademate.
1364 2559 1419 2601 Se
1489 2560 1623 2602 nostri
1666 2566 1770 2602 tem-

277 2616 394 2672 poris
424 2631 502 2658 rex
532 2621 574 2657 et
603 2617 846 2672 imperator,
876 2620 1001 2657 natus
1033 2621 1074 2656 et
1102 2615 1283 2656 nutritus
1313 2615 1357 2656 in
1386 2630 1533 2671 regno,
1563 2623 1769 2672 quantum

277 2677 441 2726 spectat
459 2672 515 2714 ad
534 2671 768 2714 humanum
787 2670 1008 2723 iudicium,
1031 2670 1184 2725 dignus
1206 2670 1379 2727 quidem
1400 2671 1571 2714 videtur
1589 2673 1768 2728 imperio

277 2742 375 2769 cum
405 2743 460 2770 ex
488 2729 664 2784 propria
692 2728 847 2770 virtute
875 2734 966 2769 tum
997 2741 1052 2767 ex
1081 2727 1291 2768 maiorum
1328 2741 1502 2769 suorum
1541 2729 1692 2770 merito
1727 2736 1770 2771 et

276 2783 495 2838 dignitate.
539 2783 742 2826 Conferte
762 2797 889 2836 nunc,
921 2783 957 2823 si
977 2781 1132 2838 placet,
1162 2781 1280 2824 illum
1304 2782 1609 2826 exheredatum
1638 2784 1767 2826 totius

280 2904 316 2947 1)
344 2904 437 2938 Jaffe
464 2905 488 2938 l.
510 2916 538 2938 c.
566 2916 600 2948 p.
620 2905 703 2938 458.
767 2904 806 2948 2)
835 2905 888 2938 Of.
916 2905 1008 2938 Ann.
1027 2905 1133 2937 Einh.
1161 2916 1194 2937 a.
1217 2904 1298 2938 750.
1327 2908 1361 2937 et
1387 2905 1478 2938 Ann.
1496 2904 1602 2937 Fuld.
1629 2916 1661 2938 a.
1683 2904 1766 2937 752.
