1878 3308
297 287 344 320 34
542 286 609 319 DE
635 285 846 319 UNITATE
874 284 1147 318 ECCLESIAE
1176 283 1546 318 CONSERVANDA.

161 416 285 443 ibidem.
301 398 621 454 suggestionem
653 397 858 453 peccandi
889 395 1096 438 sumendo
1126 395 1180 438 ab
1200 395 1287 439 illo.
1329 394 1550 444 Quoniam
1581 395 1635 438 ab
1656 396 1802 448 initio,

299 455 344 496 in
376 454 452 507 uit,
483 453 685 496 diabolus
708 459 878 509 peccat,
910 451 963 494 de
993 451 1251 507 archangelo
1277 450 1440 494 scilicet
1467 466 1619 494 versus
1649 451 1693 492 in
1714 451 1803 492 dja-

299 511 355 554 bo
375 525 461 564 um,
490 510 611 552 iuxta
642 509 758 565 quod.
786 508 976 564 loquitur
996 507 1211 549 Dominus
1240 522 1318 564 per
1347 507 1590 551 Ezecielem
1619 506 1804 564 prophe-

103 560 286 627 Ezl⁰f¹¹1⁶5²⁸⁷
301 574 390 610 tam
428 580 572 607 suum:
619 567 697 618 Tu,
734 565 947 621 inquiens,
988 564 1144 606 cherub
1186 569 1381 606 extentus
1412 570 1450 606 et
1476 571 1725 620 proteqe‘ns,
1767 569 1804 604 et

181 619 190 628 ⁶
242 618 249 626 ⁹
299 623 434 679 posui
463 628 500 664 te
529 623 578 664 in
606 627 746 663 moute
776 627 927 664 sancto
950 621 1048 673 Dei,
1077 621 1128 662 in
1149 620 1287 662 medio
1317 619 1521 675 lapidum
1550 620 1804 676 iynitorum,

305 678 538 721 ambulasti
552 677 775 733 perfectus
803 678 852 719 iu
873 678 959 719 viis
979 677 1067 718 tuis
1098 691 1126 717 a
1147 675 1218 718 die
1237 675 1503 718 conditionis
1522 682 1638 729 tuae,
1669 675 1804 717 donec

302 736 482 777 inventa
521 740 581 776 est
620 734 840 789 iniquitas
869 734 917 775 in
948 739 999 774 te.
1058 731 1213 775 Omnis
1243 737 1387 774 autem
1417 732 1492 788 qui
1519 731 1624 774 facit
1650 729 1806 787 iniqui-

304 796 435 833 tatem
481 795 522 832 et
567 797 796 846 peccatum
845 788 973 841 facit,
1026 788 1138 830 sicut
1185 787 1299 829 idem
1343 788 1417 844 qui
1457 802 1588 844 supra
1630 792 1805 829 sanctus

111 845 516 905 1‚10h‚3‚3,10hannes
546 845 765 902 apostolus
795 845 875 887 ait:
906 845 964 886 Et
991 845 1126 898 scitis,
1156 844 1310 900 inquit,
1352 845 1559 900 quoniam
1588 844 1806 899 apparuit

114 922 291 956 1‚10h,4‚3‚
299 902 427 958 filius
448 902 548 954 Dei,
580 907 627 943 ut
649 901 861 944 dissolvat
883 915 1019 957 opera
1041 900 1209 943 diaboli
1216 915 1232 954 ,·
1263 901 1402 942 omnis
1432 907 1576 943 autem
1605 899 1804 955 spiritus,

336 959 385 1000 ui
422 957 547 1000 solvit
577 958 732 1011 Iesum,
767 972 819 999 ex
848 957 941 999 Deo
982 971 1072 999 non
1109 963 1169 998 est
1179 971 1194 1010 ,·
1232 963 1270 998 et
1308 957 1376 998 hic
1406 962 1467 998 est
1495 956 1807 1007 Antichristus,

308 975 359 1056 ΞΘ
390 1029 473 1069 quo
506 1013 710 1067 audistis,
741 1014 950 1069 quoniam
979 1014 1096 1055 venit
1125 1019 1163 1054 et
1192 1014 1284 1054 iam
1313 1013 1363 1054 iu
1383 1013 1544 1054 mundo
1565 1018 1640 1055 est.
1684 1010 1805 1066 Ergo

306 1069 501 1124 verbum,
540 1069 684 1111 anima
720 1076 762 1111 et
797 1083 897 1111 caro
936 1082 1046 1110 unus
1083 1074 1147 1110 est
1184 1067 1380 1111 Christus
1415 1068 1461 1110 in
1499 1081 1588 1109 una
1623 1079 1808 1124 persona

308 1125 393 1168 Dei
432 1130 474 1168 et
511 1125 710 1167 hominis.
770 1124 857 1168 Sed
891 1123 961 1166 ille
996 1123 1122 1166 solvit
1150 1124 1307 1178 Iesum,
1368 1125 1412 1165 ui
1441 1123 1510 1167 vel
1538 1123 1808 1166 divinitatem

309 1182 402 1223 eius
431 1179 500 1223 vel
537 1181 725 1223 animam
762 1180 830 1223 vel
859 1187 1060 1223 carnem⁸
1096 1186 1240 1236 negat.
1301 1179 1358 1222 So
1375 1180 1437 1222 vit
1474 1185 1517 1222 et
1550 1178 1622 1222 ille
1649 1179 1809 1232 Iesum,
1845 1194 1847 1196 ¹

310 1238 384 1294 qui
413 1236 615 1279 mandata
643 1243 686 1279 et
712 1237 845 1279 verba
870 1237 970 1279 Iesu
998 1235 1067 1279 vel
1094 1251 1296 1292 perverse
1323 1235 1509 1279 vivendo
1537 1235 1607 1279 vel
1636 1249 1808 1292 perver-

311 1294 399 1335 sius
428 1292 748 1348 interpretando
779 1293 1027 1348 corrumpit.
1087 1291 1175 1335 Sed
1211 1298 1253 1335 et
1287 1290 1358 1334 ille
1388 1291 1515 1335 solvit
1542 1292 1700 1345 Iesum,
1732 1291 1808 1348 qui

310 1348 470 1391 scindit
488 1350 695 1391 unitatem
725 1347 942 1391 ecclesiae.
992 1348 1116 1390 Unus
1145 1348 1260 1390 enim
1289 1347 1417 1390 homo
1439 1347 1649 1400 Christus,
1680 1352 1811 1404 caput

311 1412 354 1448 et
393 1419 567 1461 corpus3
606 1418 706 1446 nam
747 1418 903 1461 corpus
945 1405 1036 1446 eius
1074 1410 1140 1446 est
1177 1404 1360 1447 ecclesia
1403 1405 1508 1449 eius.
1573 1404 1713 1460 Igitur
1752 1417 1809 1446 ex

310 1461 406 1504 Deo
450 1475 537 1503 non
581 1467 692 1515 sunt,
737 1461 810 1517 qui
844 1460 934 1513 Dei,
974 1475 1106 1516 opera
1149 1459 1217 1502 vel
1259 1461 1394 1503 verba
1435 1459 1506 1502 vel
1541 1466 1810 1502 sacramenta

115 1517 584 1572 1.10h.3,8.rescindunt;
614 1531 732 1558 nam:
763 1516 904 1559 Filius
924 1517 1024 1570 Dei,
1054 1515 1238 1559 verbum
1261 1516 1359 1570 Dei,
1389 1518 1439 1558 in
1468 1517 1547 1563 hoc
1579 1517 1810 1572 apparuit,

309 1580 357 1615 ut
395 1573 536 1615 solvat
571 1588 706 1629 opera
749 1572 941 1626 diaboli;
979 1578 1022 1614 et
1050 1578 1098 1614 ut
1125 1573 1260 1629 ipsius
1290 1571 1450 1615 diaboli
1485 1585 1616 1628 opera
1643 1570 1814 1614 solvant

310 1629 555 1671 sacerdotes
593 1630 638 1670 in
673 1628 805 1671 verbo
835 1628 933 1682 Dei,
973 1628 1018 1669 in
1046 1629 1204 1670 virtute
1235 1628 1331 1682 Dei,
1363 1628 1574 1670 concessit
1603 1626 1811 1681 Christus,

310 1684 423 1726 filius
454 1685 552 1726 Dei.
613 1683 699 1727 Sed
728 1683 986 1726 Hildebrant
1015 1698 1131 1740 papa
1160 1685 1221 1725 sic
1263 1684 1435 1740 scripsit
1473 1690 1515 1727 et
1554 1684 1616 1726 sic
1674 1683 1810 1726 raedi-

313 1741 475 1783 cavit1:
510 1738 715 1794 Quidam,
746 1740 957 1796 inquiens,
986 1740 1215 1782 Romanus
1229 1739 1437 1796 pontifex
1455 1755 1598 1796 reqem
1653 1755 1809 1782 ranco-

313 1812 412 1838 rum
449 1811 539 1838 ‘non
578 1802 667 1838 tam
701 1811 788 1852 pro
828 1797 921 1837 suis
957 1796 1026 1838 ini
1055 1796 1278 1850 uitatibus,
1317 1811 1448 1852 quam
1480 1811 1568 1851 pro
1609 1810 1655 1838 eo
1694 1795 1811 1852 quod
1845 1808 1848 1811 ’

313 1858 463 1894 tantae
527 1852 695 1894 otestati
725 1867 814 1894 non
845 1858 939 1893 erat
969 1854 1035 1894 uti
1052 1853 1104 1905 is,
1137 1867 1164 1893 a
1184 1867 1319 1909 reyuo
1350 1852 1564 1907 deposuit,
1594 1858 1633 1893 et
1651 1852 1808 1908 Pippi-

315 1924 432 1962 num,
468 1867 616 1951 Cgaroli
646 1908 808 1963 Mayni
843 1908 1124 1963 imperatoris
1158 1914 1346 1962 patrem,
1382 1909 1431 1950 iu
1467 1908 1562 1950 eius
1592 1907 1683 1950 loco
1713 1907 1810 1949 sub-

315 1965 468 2017 stituit,
516 1978 660 2005 om‘nes
694 1964 1002 2020 Franciqenas
1047 1979 1074 2004 a
1108 1964 1353 2006 iuramento
1387 1963 1635 2018 fidelitatis,
1679 1977 1812 2019 quam

315 2019 385 2062 illi
401 2019 623 2074 fecerunt,
655 2019 850 2062 absolvit.

208 2083 302 2120 (XVI)
433 2077 497 2118 15.
556 2075 668 2118 Mira
697 2074 870 2131 quidem
899 2075 1099 2117 videntur
1127 2074 1252 2117 nobis
1283 2090 1393 2132 quae
1422 2075 1622 2118 astruit²:
1661 2081 1710 2118 ut
1738 2075 1816 2117 sci-

317 2130 419 2172 licet
445 2130 670 2187 religiosus
700 2130 855 2188 aliquis
883 2130 1103 2173 Romanus
1141 2131 1337 2187 pontifex
1365 2137 1679 2174 sacramentum
1715 2129 1818 2173 fidei

317 2187 363 2228 in
390 2185 534 2243 aliquo
564 2185 786 2229 absolvere
816 2187 1100 2243 temptaverit,
1131 2187 1233 2243 quia
1261 2186 1369 2230 fides
1398 2187 1483 2229 Dei
1512 2187 1650 2243 magis
1686 2201 1817 2243 quam

319 2242 500 2284 alicuius
537 2243 798 2297 aestimatur,
836 2257 946 2299 quae
975 2242 1104 2284 alicui
1132 2243 1178 2284 in
1208 2243 1301 2285 eius
1330 2243 1502 2285 nomine
1531 2243 1658 2285 datur
1686 2249 1817 2298 atque

319 2299 593 2354 promittitur,
624 2313 733 2355 quae
762 2305 804 2340 et
832 2299 888 2341 ad
916 2299 1232 2341 invocationem
1263 2305 1506 2340 sanctorum
1530 2298 1617 2340 Dei
1645 2297 1818 2340 robora-

320 2361 401 2408 tur,
438 2361 486 2396 ut
524 2355 608 2410 ipsi
643 2369 815 2411 quoque
851 2354 937 2396 sint
973 2360 1102 2397 testes
1141 2355 1232 2396 sive
1267 2354 1432 2396 iudices
1461 2361 1613 2410 pactae
1640 2352 1743 2396 fidei
1772 2355 1817 2395 in

321 2410 492 2452 nomine
523 2411 713 2455 Domini.
758 2409 942 2462 Quando
971 2416 1114 2452 autem
1143 2424 1170 2451 a
1198 2410 1283 2452 fide
1312 2409 1468 2466 aliquis
1499 2409 1662 2452 solutus
1690 2410 1819 2452 fuerit

322 2471 364 2507 et
392 2465 522 2507 fidem
551 2480 639 2508 non
666 2465 876 2519 habuerit,
912 2467 1145 2522 praecipue
1179 2480 1287 2519 eam,
1325 2479 1454 2522 quam
1482 2466 1719 2508 iuramento
1749 2466 1818 2507 fir-

322 2522 516 2574 maverit,
537 2521 690 2577 procul
709 2521 840 2563 dubio
860 2521 1048 2563 mendax
1068 2528 1144 2574 est,
1171 2522 1348 2578 insuper
1374 2528 1416 2564 et
1435 2523 1647 2578 periurus,
1678 2521 1816 2578 qualis

110 2589 507 2633 1.cor.e‚1o.re9num
535 2578 623 2619 Dei
651 2592 740 2619 ‘non
766 2578 1021 2633 possidebit,
1051 2577 1163 2619 sicut
1191 2577 1408 2633 apostolus
1438 2578 1509 2624 ait,
1560 2578 1679 2633 Ergo
1707 2577 1817 2619 fides

325 2633 362 2674 si
390 2631 651 2686 titubaverit,
683 2633 837 2674 caritas
867 2634 995 2675 etiam
1015 2633 1110 2689 ipsa
1136 2633 1385 2689 languescit,
1418 2634 1529 2676 sicut
1547 2634 1817 2690 Augustinus

323 2689 369 2730 in
405 2687 515 2730 libro
557 2686 611 2730 de
649 2687 844 2731 doctrina
883 2688 1114 2731 christiana
1149 2689 1343 2731 scribit⁸z
1397 2700 1495 2733 Dum
1516 2700 1623 2744 fides,
1664 2690 1817 2746 inquit,

326 2753 465 2796 titubat,
504 2754 709 2787 divinarum
746 2753 1006 2798 scripturarum
1045 2755 1237 2789 auctoritas
1274 2755 1429 2789 vacillat.
1507 2745 1630 2802 Opus
1673 2752 1817 2788 autem

327 2839 358 2874 a)
381 2841 423 2867 ica
444 2842 608 2875 emendavi‚·
629 2827 788 2870 caritatem
812 2844 837 2868 1.

330 2915 368 2960 1)
402 2917 458 2951 Cf.
485 2928 516 2950 c.
545 2918 578 2952 2.
697 2917 736 2961 2)
770 2918 824 2952 Cf.
858 2930 889 2952 c.
917 2919 950 2953 2.
1064 2919 1103 2964 3)
1138 2920 1330 2963 Augustini
1356 2921 1474 2964 Opera
1499 2921 1570 2961 ΙΙΙ,
1599 2921 1630 2963 1,
1657 2932 1692 2965 p.
1722 2921 1765 2954 18
1777 2921 1820 2954 O.
