<?xml version="1.0" encoding="UTF-8"?>
<!DOCTYPE html PUBLIC "-//W3C//DTD XHTML 1.0 Transitional//EN"
    "http://www.w3.org/TR/xhtml1/DTD/xhtml1-transitional.dtd">
<html xmlns="http://www.w3.org/1999/xhtml" xml:lang="en" lang="en">
 <head>
  <title>
</title>
<meta http-equiv="Content-Type" content="text/html;charset=utf-8" />
  <meta name='ocr-system' content='tesseract 3.04.00' />
  <meta name='ocr-capabilities' content='ocr_page ocr_carea ocr_par ocr_line ocrx_word'/>
</head>
<body>
  <div class='ocr_page' id='page_1' title='image "./waltramiutvidetu00walruoft_0158.png"; bbox 0 0 1878 3308; ppageno 0'>
   <div class='ocr_carea' id='block_1_1' title="bbox 338 293 1579 328">
    <p class='ocr_par' dir='ltr' id='par_1_1' title="bbox 338 293 1579 328">
     <span class='ocr_line' id='line_1_1' title="bbox 338 293 1579 328; baseline 0.002 -3"><span class='ocrx_word' id='word_1_1' title='bbox 338 293 407 325; x_wconf 82' lang='lat'><strong>132</strong></span> <span class='ocrx_word' id='word_1_2' title='bbox 582 293 647 326; x_wconf 87' lang='lat' dir='ltr'><strong>DE</strong></span> <span class='ocrx_word' id='word_1_3' title='bbox 674 293 886 327; x_wconf 86' lang='lat' dir='ltr'>UNITATE</span> <span class='ocrx_word' id='word_1_4' title='bbox 914 293 1185 326; x_wconf 86' lang='lat' dir='ltr'>ECCLESIAE</span> <span class='ocrx_word' id='word_1_5' title='bbox 1214 293 1579 328; x_wconf 78' lang='lat' dir='ltr'>CONSERVANDA.</span> 
     </span>
    </p>
   </div>
   <div class='ocr_carea' id='block_1_2' title="bbox 336 405 1827 528">
    <p class='ocr_par' dir='ltr' id='par_1_2' title="bbox 336 405 1827 528">
     <span class='ocr_line' id='line_1_2' title="bbox 336 405 1827 458; baseline -0.001 -10"><span class='ocrx_word' id='word_1_6' title='bbox 336 406 512 448; x_wconf 89' lang='lat' dir='ltr'><strong>credens</strong></span> <span class='ocrx_word' id='word_1_7' title='bbox 541 406 585 447; x_wconf 91' lang='lat' dir='ltr'><strong>in</strong></span> <span class='ocrx_word' id='word_1_8' title='bbox 608 406 780 448; x_wconf 91' lang='lat' dir='ltr'><strong>nomine</strong></span> <span class='ocrx_word' id='word_1_9' title='bbox 801 405 899 447; x_wconf 92' lang='lat' dir='ltr'><strong>Iesu</strong></span> <span class='ocrx_word' id='word_1_10' title='bbox 920 405 1079 448; x_wconf 80' lang='lat' dir='ltr'>Christi</span> <span class='ocrx_word' id='word_1_11' title='bbox 1108 407 1336 448; x_wconf 82' lang='lat' dir='ltr'><strong>fraternam</strong></span> <span class='ocrx_word' id='word_1_12' title='bbox 1366 405 1563 449; x_wconf 89' lang='lat' dir='ltr'><strong>habuerit</strong></span> <span class='ocrx_word' id='word_1_13' title='bbox 1593 406 1827 458; x_wconf 85' lang='lat' dir='ltr'><strong>caritatem,</strong></span> 
     </span>
     <span class='ocr_line' id='line_1_3' title="bbox 336 461 1826 528; baseline -0.002 -22"><span class='ocrx_word' id='word_1_14' title='bbox 336 461 517 519; x_wconf 85' lang='lat' dir='ltr'><strong>Spiritui</strong></span> <span class='ocrx_word' id='word_1_15' title='bbox 556 469 703 505; x_wconf 89' lang='lat' dir='ltr'><strong>sancto</strong></span> <span class='ocrx_word' id='word_1_16' title='bbox 740 463 783 503; x_wconf 94' lang='lat' dir='ltr'><strong>in</strong></span> <span class='ocrx_word' id='word_1_17' title='bbox 822 477 867 504; x_wconf 90' lang='lat' dir='ltr'><strong>se</strong></span> <span class='ocrx_word' id='word_1_18' title='bbox 904 463 1092 504; x_wconf 89' lang='lat' dir='ltr'><strong>manenti</strong></span> <span class='ocrx_word' id='word_1_19' title='bbox 1132 463 1423 504; x_wconf 87' lang='lat' dir='ltr'><strong>testimonium</strong></span> <span class='ocrx_word' id='word_1_20' title='bbox 1457 462 1668 528; x_wconf 73' lang='lat' dir='ltr'><strong>perhibet,</strong></span> <span class='ocrx_word' id='word_1_21' title='bbox 1705 464 1826 505; x_wconf 88' lang='lat' dir='ltr'><strong>iuxta</strong></span> 
     </span>
    </p>
   </div>
   <div class='ocr_carea' id='block_1_3' title="bbox 121 517 1827 576">
    <p class='ocr_par' dir='ltr' id='par_1_3' title="bbox 121 517 1827 576">
     <span class='ocr_line' id='line_1_4' title="bbox 121 517 1827 576; baseline 0.001 -17"><span class='ocrx_word' id='word_1_22' title='bbox 121 532 320 567; x_wconf 75' lang='lat' dir='ltr'><strong>1.10h.4,18.</strong></span> <span class='ocrx_word' id='word_1_23' title='bbox 334 518 451 576; x_wconf 89' lang='lat' dir='ltr'><strong>quod</strong></span> <span class='ocrx_word' id='word_1_24' title='bbox 479 517 694 561; x_wconf 89' lang='lat' dir='ltr'><strong>Iohannes</strong></span> <span class='ocrx_word' id='word_1_25' title='bbox 731 517 948 576; x_wconf 88' lang='lat' dir='ltr'><strong>apostolus</strong></span> <span class='ocrx_word' id='word_1_26' title='bbox 989 518 1132 560; x_wconf 86' lang='lat' dir='ltr'><strong>docet:</strong></span> <span class='ocrx_word' id='word_1_27' title='bbox 1177 519 1231 560; x_wconf 81' lang='lat' dir='ltr'><strong>In</strong></span> <span class='ocrx_word' id='word_1_28' title='bbox 1272 520 1362 572; x_wconf 78' lang='lat' dir='ltr'><strong>hoc,</strong></span> <span class='ocrx_word' id='word_1_29' title='bbox 1400 519 1612 575; x_wconf 72' lang='lat' dir='ltr'><strong>inquienS,</strong></span> <span class='ocrx_word' id='word_1_30' title='bbox 1651 521 1827 571; x_wconf 72' lang='lat' dir='ltr'><strong>scimus,</strong></span> 
     </span>
    </p>
   </div>
   <div class='ocr_carea' id='block_1_4' title="bbox 334 574 1826 688">
    <p class='ocr_par' dir='ltr' id='par_1_4' title="bbox 334 574 1826 688">
     <span class='ocr_line' id='line_1_5' title="bbox 363 574 1826 631; baseline -0.001 -13"><span class='ocrx_word' id='word_1_31' title='bbox 363 577 543 618; x_wconf 78' lang='lat' dir='ltr'><strong>uoniam</strong></span> <span class='ocrx_word' id='word_1_32' title='bbox 565 576 685 617; x_wconf 83' lang='lat' dir='ltr'><strong>Deus</strong></span> <span class='ocrx_word' id='word_1_33' title='bbox 711 581 855 616; x_wconf 81' lang='lat' dir='ltr'><strong>manet</strong></span> <span class='ocrx_word' id='word_1_34' title='bbox 884 576 934 617; x_wconf 79' lang='lat' dir='ltr'><strong>in</strong></span> <span class='ocrx_word' id='word_1_35' title='bbox 965 575 1100 627; x_wconf 79' lang='lat' dir='ltr'><strong>nobis,</strong></span> <span class='ocrx_word' id='word_1_36' title='bbox 1131 575 1182 616; x_wconf 79' lang='lat' dir='ltr'><strong>in</strong></span> <span class='ocrx_word' id='word_1_37' title='bbox 1202 574 1380 630; x_wconf 78' lang='lat' dir='ltr'><em>Spiritu</em></span> <span class='ocrx_word' id='word_1_38' title='bbox 1410 590 1533 631; x_wconf 79' lang='lat' dir='ltr'><strong>quem</strong></span> <span class='ocrx_word' id='word_1_39' title='bbox 1552 576 1671 619; x_wconf 82' lang='lat' dir='ltr'><strong><em>dedit</em></strong></span> <span class='ocrx_word' id='word_1_40' title='bbox 1689 575 1826 625; x_wconf 71' lang='lat' dir='ltr'><strong>uobis.</strong></span> 
     </span>
     <span class='ocr_line' id='line_1_6' title="bbox 334 591 1826 688; baseline 0 -14"><span class='ocrx_word' id='word_1_41' title='bbox 334 591 431 674; x_wconf 54' lang='lat' dir='ltr'><strong>{loc</strong></span> <span class='ocrx_word' id='word_1_42' title='bbox 452 632 564 674; x_wconf 88' lang='lat' dir='ltr'><strong>enim</strong></span> <span class='ocrx_word' id='word_1_43' title='bbox 585 632 675 688; x_wconf 90' lang='lat' dir='ltr'><strong>agit</strong></span> <span class='ocrx_word' id='word_1_44' title='bbox 697 631 882 688; x_wconf 84' lang='lat' dir='ltr'><strong>Spiritus</strong></span> <span class='ocrx_word' id='word_1_45' title='bbox 911 631 957 672; x_wconf 92' lang='lat' dir='ltr'><strong>in</strong></span> <span class='ocrx_word' id='word_1_46' title='bbox 977 631 1161 684; x_wconf 87' lang='lat' dir='ltr'><strong>homine,</strong></span> <span class='ocrx_word' id='word_1_47' title='bbox 1190 637 1238 673; x_wconf 84' lang='lat' dir='ltr'><strong>ut</strong></span> <span class='ocrx_word' id='word_1_48' title='bbox 1266 631 1310 672; x_wconf 90' lang='lat' dir='ltr'><strong>in</strong></span> <span class='ocrx_word' id='word_1_49' title='bbox 1339 629 1412 673; x_wconf 88' lang='lat' dir='ltr'><strong>illo</strong></span> <span class='ocrx_word' id='word_1_50' title='bbox 1442 631 1496 674; x_wconf 86' lang='lat' dir='ltr'><strong>sit</strong></span> <span class='ocrx_word' id='word_1_51' title='bbox 1526 632 1694 686; x_wconf 81' lang='lat' dir='ltr'><strong>caritas,</strong></span> <span class='ocrx_word' id='word_1_52' title='bbox 1725 647 1826 688; x_wconf 80' lang='lat' dir='ltr'><strong>quo-</strong></span> 
     </span>
    </p>
   </div>
   <div class='ocr_carea' id='block_1_5' title="bbox 150 686 1826 744">
    <p class='ocr_par' dir='ltr' id='par_1_5' title="bbox 150 686 1826 744">
     <span class='ocr_line' id='line_1_7' title="bbox 150 686 1826 744; baseline 0.001 -15"><span class='ocrx_word' id='word_1_53' title='bbox 150 690 456 737; x_wconf 75' lang='lat' dir='ltr'><strong>Rom.⁶‚5.rziam</strong></span> <span class='ocrx_word' id='word_1_54' title='bbox 485 691 666 743; x_wconf 83' lang='lat' dir='ltr'><strong>caritas,</strong></span> <span class='ocrx_word' id='word_1_55' title='bbox 695 688 834 744; x_wconf 89' lang='lat' dir='ltr'><strong>inquit</strong></span> <span class='ocrx_word' id='word_1_56' title='bbox 862 686 1035 740; x_wconf 89' lang='lat' dir='ltr'><strong>Paulus,</strong></span> <span class='ocrx_word' id='word_1_57' title='bbox 1066 687 1233 743; x_wconf 61' lang='lat' dir='ltr'><strong>dvjffusa</strong></span> <span class='ocrx_word' id='word_1_58' title='bbox 1262 693 1322 730; x_wconf 81' lang='lat' dir='ltr'><strong>est</strong></span> <span class='ocrx_word' id='word_1_59' title='bbox 1349 688 1399 729; x_wconf 81' lang='lat' dir='ltr'><strong>in</strong></span> <span class='ocrx_word' id='word_1_60' title='bbox 1429 688 1633 730; x_wconf 73' lang='lat' dir='ltr'><strong>cordibus</strong></span> <span class='ocrx_word' id='word_1_61' title='bbox 1662 690 1826 731; x_wconf 70' lang='lat' dir='ltr'><strong>&#39;nostris</strong></span> 
     </span>
    </p>
   </div>
   <div class='ocr_carea' id='block_1_6' title="bbox 128 981 317 1012">
    <p class='ocr_par' dir='ltr' id='par_1_6' title="bbox 128 981 317 1012">
     <span class='ocr_line' id='line_1_8' title="bbox 128 981 317 1012; baseline -0.005 -4"><span class='ocrx_word' id='word_1_62' title='bbox 128 983 157 1009; x_wconf 77' lang='grc' dir='ltr'><strong>ι.</strong></span> <span class='ocrx_word' id='word_1_63' title='bbox 168 981 234 1009; x_wconf 83' lang='lat' dir='ltr'><strong>Ioh.</strong></span> <span class='ocrx_word' id='word_1_64' title='bbox 247 982 274 1012; x_wconf 81' lang='lat'><strong>4,</strong></span> <span class='ocrx_word' id='word_1_65' title='bbox 291 983 317 1007; x_wconf 90' lang='lat'><strong>1.</strong></span> 
     </span>
    </p>
   </div>
   <div class='ocr_carea' id='block_1_7' title="bbox 116 1149 318 1184">
    <p class='ocr_par' dir='ltr' id='par_1_7' title="bbox 116 1149 318 1184">
     <span class='ocr_line' id='line_1_9' title="bbox 116 1149 318 1184; baseline 0.01 -8"><span class='ocrx_word' id='word_1_66' title='bbox 116 1149 225 1177; x_wconf 68' lang='lat' dir='ltr'><strong>natth.</strong></span> <span class='ocrx_word' id='word_1_67' title='bbox 236 1151 263 1184; x_wconf 78' lang='lat'><strong>⁷,</strong></span> <span class='ocrx_word' id='word_1_68' title='bbox 272 1151 318 1179; x_wconf 88' lang='grc'><strong>16.</strong></span> 
     </span>
    </p>
   </div>
   <div class='ocr_carea' id='block_1_8' title="bbox 213 1633 323 1699">
    <p class='ocr_par' dir='ltr' id='par_1_8' title="bbox 213 1633 323 1699">
     <span class='ocr_line' id='line_1_10' title="bbox 213 1633 323 1666; baseline -0.009 -7"><span class='ocrx_word' id='word_1_69' title='bbox 213 1634 264 1659; x_wconf 80' lang='lat' dir='ltr'><strong>Es.</strong></span> <span class='ocrx_word' id='word_1_70' title='bbox 277 1633 323 1666; x_wconf 82' lang='lat'><strong>14,</strong></span> 
     </span>
     <span class='ocr_line' id='line_1_11' title="bbox 214 1672 319 1699; baseline -0.019 0"><span class='ocrx_word' id='word_1_71' title='bbox 214 1674 261 1699; x_wconf 81' lang='lat'><strong>13.</strong></span> <span class='ocrx_word' id='word_1_72' title='bbox 274 1672 319 1698; x_wconf 81' lang='lat'><strong>14.</strong></span> 
     </span>
    </p>
   </div>
   <div class='ocr_carea' id='block_1_9' title="bbox 146 1940 318 1974">
    <p class='ocr_par' dir='ltr' id='par_1_9' title="bbox 146 1940 318 1974">
     <span class='ocr_line' id='line_1_12' title="bbox 146 1940 318 1974; baseline 0 -7"><span class='ocrx_word' id='word_1_73' title='bbox 146 1941 197 1969; x_wconf 68' lang='grc' dir='ltr'><strong>ΡΒ.</strong></span> <span class='ocrx_word' id='word_1_74' title='bbox 210 1940 259 1974; x_wconf 68' lang='lat'><strong>72,</strong></span> <span class='ocrx_word' id='word_1_75' title='bbox 272 1941 318 1968; x_wconf 88' lang='lat'><strong>18.</strong></span> 
     </span>
    </p>
   </div>
   <div class='ocr_carea' id='block_1_10' title="bbox 117 2195 319 2268">
    <p class='ocr_par' dir='ltr' id='par_1_10' title="bbox 117 2195 319 2268">
     <span class='ocr_line' id='line_1_13' title="bbox 117 2195 319 2222; baseline 0.005 -1"><span class='ocrx_word' id='word_1_76' title='bbox 117 2195 157 2221; x_wconf 81' lang='lat' dir='ltr'><strong>cf.</strong></span> <span class='ocrx_word' id='word_1_77' title='bbox 173 2195 199 2221; x_wconf 84' lang='lat'><strong>2.</strong></span> <span class='ocrx_word' id='word_1_78' title='bbox 213 2195 319 2222; x_wconf 80' lang='lat' dir='ltr'><strong>Thess.</strong></span> 
     </span>
     <span class='ocr_line' id='line_1_14' title="bbox 186 2235 255 2268; baseline 0 -8"><span class='ocrx_word' id='word_1_79' title='bbox 186 2235 214 2268; x_wconf 82' lang='lat'><strong>2,</strong></span> <span class='ocrx_word' id='word_1_80' title='bbox 227 2235 242 2260; x_wconf 76' lang='lat'>7</span> <span class='ocrx_word' id='word_1_81' title='bbox 248 2253 255 2260; x_wconf 93' lang='lat'>.</span> 
     </span>
    </p>
   </div>
   <div class='ocr_carea' id='block_1_11' title="bbox 326 743 1851 2775">
    <p class='ocr_par' dir='ltr' id='par_1_11' title="bbox 326 743 1851 2775">
     <span class='ocr_line' id='line_1_15' title="bbox 326 743 1827 801; baseline -0.001 -15"><span class='ocrx_word' id='word_1_82' title='bbox 326 760 411 800; x_wconf 87' lang='lat' dir='ltr'><strong>per</strong></span> <span class='ocrx_word' id='word_1_83' title='bbox 450 745 666 800; x_wconf 80' lang='lat' dir='ltr'><strong>Spiritum</strong></span> <span class='ocrx_word' id='word_1_84' title='bbox 706 751 916 798; x_wconf 76' lang='lat' dir='ltr'><strong>sanctum,</strong></span> <span class='ocrx_word' id='word_1_85' title='bbox 957 745 1034 800; x_wconf 79' lang='lat' dir='ltr'><strong>qui</strong></span> <span class='ocrx_word' id='word_1_86' title='bbox 1073 744 1205 785; x_wconf 86' lang='lat' dir='ltr'><strong>datus</strong></span> <span class='ocrx_word' id='word_1_87' title='bbox 1240 749 1302 786; x_wconf 83' lang='lat' dir='ltr'><strong>est</strong></span> <span class='ocrx_word' id='word_1_88' title='bbox 1336 743 1473 786; x_wconf 77' lang='lat' dir='ltr'><strong>nobis.</strong></span> <span class='ocrx_word' id='word_1_89' title='bbox 1533 743 1696 786; x_wconf 84' lang='lat' dir='ltr'><strong>Verum</strong></span> <span class='ocrx_word' id='word_1_90' title='bbox 1725 758 1827 801; x_wconf 87' lang='lat' dir='ltr'><strong>quo-</strong></span> 
     </span>
     <span class='ocr_line' id='line_1_16' title="bbox 333 798 1827 844; baseline 0.001 -2"><span class='ocrx_word' id='word_1_91' title='bbox 333 802 449 842; x_wconf 91' lang='lat' dir='ltr'><strong>niam</strong></span> <span class='ocrx_word' id='word_1_92' title='bbox 487 800 610 843; x_wconf 91' lang='lat' dir='ltr'><strong>multi</strong></span> <span class='ocrx_word' id='word_1_93' title='bbox 655 800 875 843; x_wconf 88' lang='lat' dir='ltr'><strong>caritatem</strong></span> <span class='ocrx_word' id='word_1_94' title='bbox 912 815 996 842; x_wconf 90' lang='lat' dir='ltr'><strong>non</strong></span> <span class='ocrx_word' id='word_1_95' title='bbox 1040 799 1247 842; x_wconf 83' lang='lat' dir='ltr'><strong>habentes</strong></span> <span class='ocrx_word' id='word_1_96' title='bbox 1291 806 1334 842; x_wconf 93' lang='lat' dir='ltr'><strong>et</strong></span> <span class='ocrx_word' id='word_1_97' title='bbox 1371 800 1578 842; x_wconf 89' lang='lat' dir='ltr'><strong>unitatem</strong></span> <span class='ocrx_word' id='word_1_98' title='bbox 1621 798 1827 844; x_wconf 88' lang='lat' dir='ltr'><strong>ecclesiae</strong></span> 
     </span>
     <span class='ocr_line' id='line_1_17' title="bbox 332 855 1828 922; baseline -0.001 -23"><span class='ocrx_word' id='word_1_99' title='bbox 332 871 536 922; x_wconf 81' lang='lat' dir='ltr'><strong>perverso</strong></span> <span class='ocrx_word' id='word_1_100' title='bbox 567 857 767 912; x_wconf 80' lang='lat' dir='ltr'><strong>dogmate</strong></span> <span class='ocrx_word' id='word_1_101' title='bbox 797 856 1036 899; x_wconf 83' lang='lat' dir='ltr'><strong>scindentes</strong></span> <span class='ocrx_word' id='word_1_102' title='bbox 1077 855 1352 898; x_wconf 87' lang='lat' dir='ltr'><strong>nihilominus</strong></span> <span class='ocrx_word' id='word_1_103' title='bbox 1382 856 1592 913; x_wconf 86' lang='lat' dir='ltr'><strong>Spiritum</strong></span> <span class='ocrx_word' id='word_1_104' title='bbox 1632 861 1828 899; x_wconf 88' lang='lat' dir='ltr'><strong>sanctum</strong></span> 
     </span>
     <span class='ocr_line' id='line_1_18' title="bbox 331 911 1828 980; baseline 0.001 -26"><span class='ocrx_word' id='word_1_105' title='bbox 331 928 377 955; x_wconf 90' lang='lat' dir='ltr'><strong>m</strong></span> <span class='ocrx_word' id='word_1_106' title='bbox 414 928 459 955; x_wconf 88' lang='lat' dir='ltr'><strong>se</strong></span> <span class='ocrx_word' id='word_1_107' title='bbox 500 913 609 980; x_wconf 85' lang='lat' dir='ltr'><strong>[esse</strong></span> <span class='ocrx_word' id='word_1_108' title='bbox 620 912 654 971; x_wconf 73' lang='lat'><strong>⁸]</strong></span> <span class='ocrx_word' id='word_1_109' title='bbox 699 912 972 966; x_wconf 88' lang='lat' dir='ltr'><strong>contendunt,</strong></span> <span class='ocrx_word' id='word_1_110' title='bbox 1014 918 1128 955; x_wconf 90' lang='lat' dir='ltr'><strong>recte</strong></span> <span class='ocrx_word' id='word_1_111' title='bbox 1167 927 1297 969; x_wconf 92' lang='lat' dir='ltr'><strong>super</strong></span> <span class='ocrx_word' id='word_1_112' title='bbox 1336 911 1402 954; x_wconf 88' lang='lat' dir='ltr'><strong>his</strong></span> <span class='ocrx_word' id='word_1_113' title='bbox 1441 913 1662 969; x_wconf 87' lang='lat' dir='ltr'><strong>sequentia</strong></span> <span class='ocrx_word' id='word_1_114' title='bbox 1691 913 1828 955; x_wconf 77' lang='lat' dir='ltr'><strong>saneti</strong></span> 
     </span>
     <span class='ocr_line' id='line_1_19' title="bbox 331 968 1827 1026; baseline 0 -15"><span class='ocrx_word' id='word_1_115' title='bbox 331 969 533 1012; x_wconf 78' lang='lat' dir='ltr'><strong>Iohannis</strong></span> <span class='ocrx_word' id='word_1_116' title='bbox 553 969 686 1012; x_wconf 85' lang='lat' dir='ltr'><strong>verba</strong></span> <span class='ocrx_word' id='word_1_117' title='bbox 715 983 793 1011; x_wconf 93' lang='lat' dir='ltr'><strong>nos</strong></span> <span class='ocrx_word' id='word_1_118' title='bbox 822 970 1062 1011; x_wconf 87' lang='lat' dir='ltr'><strong>instruunt:</strong></span> <span class='ocrx_word' id='word_1_119' title='bbox 1097 968 1341 1021; x_wconf 64' lang='lat' dir='ltr'><strong>Car-issimi,</strong></span> <span class='ocrx_word' id='word_1_120' title='bbox 1371 969 1524 1026; x_wconf 88' lang='lat' dir='ltr'><strong>inquit,</strong></span> <span class='ocrx_word' id='word_1_121' title='bbox 1555 969 1686 1012; x_wconf 75' lang='lat' dir='ltr'><strong>‘nolite</strong></span> <span class='ocrx_word' id='word_1_122' title='bbox 1707 971 1827 1012; x_wconf 81' lang='lat' dir='ltr'><strong>omni</strong></span> 
     </span>
     <span class='ocr_line' id='line_1_20' title="bbox 331 1025 1826 1083; baseline -0.001 -14"><span class='ocrx_word' id='word_1_123' title='bbox 331 1027 515 1082; x_wconf 78' lang='lat' dir='ltr'><strong>spiritui</strong></span> <span class='ocrx_word' id='word_1_124' title='bbox 534 1026 719 1079; x_wconf 85' lang='lat' dir='ltr'><strong>credere,</strong></span> <span class='ocrx_word' id='word_1_125' title='bbox 750 1025 826 1067; x_wconf 81' lang='lat' dir='ltr'><strong>sed</strong></span> <span class='ocrx_word' id='word_1_126' title='bbox 849 1026 1032 1083; x_wconf 83' lang='lat' dir='ltr'><strong>probate</strong></span> <span class='ocrx_word' id='word_1_127' title='bbox 1059 1026 1260 1082; x_wconf 75' lang='lat' dir='ltr'><strong>spiritus,</strong></span> <span class='ocrx_word' id='word_1_128' title='bbox 1291 1027 1331 1067; x_wconf 79' lang='lat' dir='ltr'><strong>si</strong></span> <span class='ocrx_word' id='word_1_129' title='bbox 1351 1040 1404 1067; x_wconf 78' lang='lat' dir='ltr'><strong>eoe</strong></span> <span class='ocrx_word' id='word_1_130' title='bbox 1424 1026 1516 1067; x_wconf 87' lang='lat' dir='ltr'><strong>Deo</strong></span> <span class='ocrx_word' id='word_1_131' title='bbox 1547 1025 1690 1078; x_wconf 74' lang='lat' dir='ltr'><strong>suntb,</strong></span> <span class='ocrx_word' id='word_1_132' title='bbox 1722 1041 1826 1083; x_wconf 82' lang='lat' dir='ltr'><strong>quo-</strong></span> 
     </span>
     <span class='ocr_line' id='line_1_21' title="bbox 331 1081 1825 1138; baseline -0.001 -13"><span class='ocrx_word' id='word_1_133' title='bbox 331 1083 455 1125; x_wconf 77' lang='lat' dir='ltr'><strong>niam</strong></span> <span class='ocrx_word' id='word_1_134' title='bbox 474 1083 601 1125; x_wconf 80' lang='lat' dir='ltr'><strong>multi</strong></span> <span class='ocrx_word' id='word_1_135' title='bbox 614 1082 1024 1138; x_wconf 76' lang='lat' dir='ltr'><strong>pseudoprophetae</strong></span> <span class='ocrx_word' id='word_1_136' title='bbox 1044 1083 1244 1123; x_wconf 76' lang='lat' dir='ltr'><strong>eaeierunt</strong></span> <span class='ocrx_word' id='word_1_137' title='bbox 1272 1083 1323 1124; x_wconf 80' lang='lat' dir='ltr'><strong>in</strong></span> <span class='ocrx_word' id='word_1_138' title='bbox 1342 1082 1569 1124; x_wconf 83' lang='lat' dir='ltr'><strong>mundum.</strong></span> <span class='ocrx_word' id='word_1_139' title='bbox 1609 1081 1650 1123; x_wconf 92' lang='lat' dir='ltr'><strong><em>A</em></strong></span> <span class='ocrx_word' id='word_1_140' title='bbox 1657 1081 1825 1138; x_wconf 77' lang='lat' dir='ltr'><strong>fructi-</strong></span> 
     </span>
     <span class='ocr_line' id='line_1_22' title="bbox 331 1137 1827 1195; baseline 0 -15"><span class='ocrx_word' id='word_1_141' title='bbox 331 1139 410 1181; x_wconf 83' lang='lat' dir='ltr'><strong>bus</strong></span> <span class='ocrx_word' id='word_1_142' title='bbox 440 1154 586 1181; x_wconf 83' lang='lat' dir='ltr'><strong>eorum</strong></span> <span class='ocrx_word' id='word_1_143' title='bbox 616 1139 879 1195; x_wconf 69' lang='lat' dir='ltr'><strong>coquo-scetis</strong></span> <span class='ocrx_word' id='word_1_144' title='bbox 909 1154 989 1190; x_wconf 82' lang='lat' dir='ltr'><strong>eos,</strong></span> <span class='ocrx_word' id='word_1_145' title='bbox 1021 1137 1126 1179; x_wconf 89' lang='lat' dir='ltr'><strong>dicit</strong></span> <span class='ocrx_word' id='word_1_146' title='bbox 1154 1137 1382 1179; x_wconf 89' lang='lat' dir='ltr'><strong>Dominus.</strong></span> <span class='ocrx_word' id='word_1_147' title='bbox 1426 1137 1541 1180; x_wconf 84' lang='lat' dir='ltr'><strong>Ecce</strong></span> <span class='ocrx_word' id='word_1_148' title='bbox 1571 1137 1686 1190; x_wconf 88' lang='lat' dir='ltr'><strong>enim</strong></span> <span class='ocrx_word' id='word_1_149' title='bbox 1715 1152 1827 1180; x_wconf 88' lang='lat' dir='ltr'><strong>sum-</strong></span> 
     </span>
     <span class='ocr_line' id='line_1_23' title="bbox 331 1193 1826 1251; baseline 0 -15"><span class='ocrx_word' id='word_1_150' title='bbox 331 1209 426 1236; x_wconf 91' lang='lat' dir='ltr'><strong>mus</strong></span> <span class='ocrx_word' id='word_1_151' title='bbox 457 1193 652 1251; x_wconf 85' lang='lat' dir='ltr'><strong>pontifex</strong></span> <span class='ocrx_word' id='word_1_152' title='bbox 682 1193 794 1236; x_wconf 85' lang='lat' dir='ltr'><strong>sedis</strong></span> <span class='ocrx_word' id='word_1_153' title='bbox 815 1193 1074 1251; x_wconf 88' lang='lat' dir='ltr'><strong>apostolicae</strong></span> <span class='ocrx_word' id='word_1_154' title='bbox 1093 1194 1287 1249; x_wconf 83' lang='lat' dir='ltr'><strong>arguitur</strong></span> <span class='ocrx_word' id='word_1_155' title='bbox 1310 1193 1537 1248; x_wconf 87' lang='lat' dir='ltr'><strong>mendacii,</strong></span> <span class='ocrx_word' id='word_1_156' title='bbox 1599 1195 1670 1236; x_wconf 85' lang='lat' dir='ltr'><strong>uia</strong></span> <span class='ocrx_word' id='word_1_157' title='bbox 1690 1193 1826 1236; x_wconf 88' lang='lat' dir='ltr'><strong>humi-</strong></span> 
     </span>
     <span class='ocr_line' id='line_1_24' title="bbox 330 1249 1826 1307; baseline -0.001 -14"><span class='ocrx_word' id='word_1_158' title='bbox 330 1251 438 1293; x_wconf 87' lang='lat' dir='ltr'><strong>lians</strong></span> <span class='ocrx_word' id='word_1_159' title='bbox 469 1266 514 1293; x_wconf 89' lang='lat' dir='ltr'><strong>se</strong></span> <span class='ocrx_word' id='word_1_160' title='bbox 543 1251 588 1293; x_wconf 91' lang='lat' dir='ltr'><strong>in</strong></span> <span class='ocrx_word' id='word_1_161' title='bbox 618 1250 816 1293; x_wconf 87' lang='lat' dir='ltr'><strong>omnibus</strong></span> <span class='ocrx_word' id='word_1_162' title='bbox 845 1249 1033 1307; x_wconf 89' lang='lat' dir='ltr'><strong>appellat</strong></span> <span class='ocrx_word' id='word_1_163' title='bbox 1062 1265 1106 1292; x_wconf 87' lang='lat' dir='ltr'><strong>se</strong></span> <span class='ocrx_word' id='word_1_164' title='bbox 1136 1265 1307 1292; x_wconf 86' lang='lat' dir='ltr'><strong>servum</strong></span> <span class='ocrx_word' id='word_1_165' title='bbox 1338 1264 1560 1293; x_wconf 88' lang='lat' dir='ltr'><strong>servorum</strong></span> <span class='ocrx_word' id='word_1_166' title='bbox 1626 1251 1678 1304; x_wconf 86' lang='lat' dir='ltr'><strong>ei,</strong></span> <span class='ocrx_word' id='word_1_167' title='bbox 1709 1250 1826 1307; x_wconf 94' lang='lat' dir='ltr'><strong>quod</strong></span> 
     </span>
     <span class='ocr_line' id='line_1_25' title="bbox 329 1306 1827 1363; baseline 0 -14"><span class='ocrx_word' id='word_1_168' title='bbox 329 1307 486 1363; x_wconf 89' lang='lat' dir='ltr'><strong>legitur</strong></span> <span class='ocrx_word' id='word_1_169' title='bbox 514 1306 666 1350; x_wconf 89' lang='lat' dir='ltr'><strong>beatus</strong></span> <span class='ocrx_word' id='word_1_170' title='bbox 696 1321 811 1363; x_wconf 86' lang='lat' dir='ltr'><strong>papa</strong></span> <span class='ocrx_word' id='word_1_171' title='bbox 842 1306 1076 1362; x_wconf 80' lang='lat' dir='ltr'><strong>Gregorius</strong></span> <span class='ocrx_word' id='word_1_172' title='bbox 1107 1306 1270 1362; x_wconf 89' lang='lat' dir='ltr'><strong>primus</strong></span> <span class='ocrx_word' id='word_1_173' title='bbox 1302 1306 1493 1348; x_wconf 92' lang='lat' dir='ltr'><strong>omnium</strong></span> <span class='ocrx_word' id='word_1_174' title='bbox 1532 1307 1578 1348; x_wconf 91' lang='lat' dir='ltr'><strong>in</strong></span> <span class='ocrx_word' id='word_1_175' title='bbox 1615 1307 1827 1363; x_wconf 89' lang='lat' dir='ltr'><strong>principio</strong></span> 
     </span>
     <span class='ocr_line' id='line_1_26' title="bbox 331 1361 1827 1420; baseline -0.001 -14"><span class='ocrx_word' id='word_1_176' title='bbox 331 1363 611 1420; x_wconf 90' lang='lat' dir='ltr'><strong>epistolarum</strong></span> <span class='ocrx_word' id='word_1_177' title='bbox 637 1378 811 1405; x_wconf 89' lang='lat' dir='ltr'><strong>suarum</strong></span> <span class='ocrx_word' id='word_1_178' title='bbox 833 1362 1061 1405; x_wconf 91' lang='lat' dir='ltr'><strong>scribendo</strong></span> <span class='ocrx_word' id='word_1_179' title='bbox 1088 1363 1190 1404; x_wconf 86' lang='lat' dir='ltr'><strong>satis</strong></span> <span class='ocrx_word' id='word_1_180' title='bbox 1220 1361 1437 1405; x_wconf 89' lang='lat' dir='ltr'><strong>humiliter</strong></span> <span class='ocrx_word' id='word_1_181' title='bbox 1456 1362 1670 1417; x_wconf 87' lang='lat' dir='ltr'><strong>definisse,</strong></span> <span class='ocrx_word' id='word_1_182' title='bbox 1701 1377 1827 1405; x_wconf 88' lang='lat' dir='ltr'><strong>cunc—</strong></span> 
     </span>
     <span class='ocr_line' id='line_1_27' title="bbox 331 1418 1826 1477; baseline 0.001 -16"><span class='ocrx_word' id='word_1_183' title='bbox 331 1420 472 1477; x_wconf 89' lang='lat' dir='ltr'><strong>tisque</strong></span> <span class='ocrx_word' id='word_1_184' title='bbox 510 1422 598 1462; x_wconf 89' lang='lat' dir='ltr'><strong>suis</strong></span> <span class='ocrx_word' id='word_1_185' title='bbox 636 1418 957 1461; x_wconf 88' lang='lat' dir='ltr'><strong>successoribus</strong></span> <span class='ocrx_word' id='word_1_186' title='bbox 996 1419 1303 1462; x_wconf 84' lang='lat' dir='ltr'><strong>documentum</strong></span> <span class='ocrx_word' id='word_1_187' title='bbox 1333 1418 1415 1460; x_wconf 86' lang='lat' dir='ltr'><strong>hoc</strong></span> <span class='ocrx_word' id='word_1_188' title='bbox 1445 1433 1547 1462; x_wconf 86' lang='lat' dir='ltr'><strong>suae</strong></span> <span class='ocrx_word' id='word_1_189' title='bbox 1574 1418 1826 1462; x_wconf 89' lang='lat' dir='ltr'><strong>humilitatis</strong></span> 
     </span>
     <span class='ocr_line' id='line_1_28' title="bbox 332 1475 1827 1532; baseline -0.001 -13"><span class='ocrx_word' id='word_1_190' title='bbox 332 1475 464 1519; x_wconf 88' lang='lat' dir='ltr'><strong>dereli</strong></span> <span class='ocrx_word' id='word_1_191' title='bbox 496 1477 611 1518; x_wconf 88' lang='lat' dir='ltr'><strong>uisse</strong></span> <span class='ocrx_word' id='word_1_192' title='bbox 623 1484 652 1518; x_wconf 92' lang='lat'><strong>¹.</strong></span> <span class='ocrx_word' id='word_1_193' title='bbox 713 1475 785 1519; x_wconf 82' lang='lat' dir='ltr'><strong>Sic</strong></span> <span class='ocrx_word' id='word_1_194' title='bbox 823 1490 941 1530; x_wconf 86' lang='lat' dir='ltr'><strong>vero,</strong></span> <span class='ocrx_word' id='word_1_195' title='bbox 979 1476 1040 1517; x_wconf 89' lang='lat' dir='ltr'><strong>sic</strong></span> <span class='ocrx_word' id='word_1_196' title='bbox 1079 1475 1216 1517; x_wconf 87' lang='lat' dir='ltr'><strong>sancti</strong></span> <span class='ocrx_word' id='word_1_197' title='bbox 1257 1490 1404 1518; x_wconf 90' lang='lat' dir='ltr'><strong>omnes</strong></span> <span class='ocrx_word' id='word_1_198' title='bbox 1439 1490 1518 1532; x_wconf 88' lang='lat' dir='ltr'><strong>per</strong></span> <span class='ocrx_word' id='word_1_199' title='bbox 1546 1475 1827 1518; x_wconf 86' lang='lat' dir='ltr'><strong>humilitatem</strong></span> 
     </span>
     <span class='ocr_line' id='line_1_29' title="bbox 334 1530 1830 1588; baseline 0.001 -14"><span class='ocrx_word' id='word_1_200' title='bbox 334 1547 461 1575; x_wconf 88' lang='lat' dir='ltr'><strong>ascen</strong></span> <span class='ocrx_word' id='word_1_201' title='bbox 494 1539 617 1575; x_wconf 87' lang='lat' dir='ltr'><strong>erunt</strong></span> <span class='ocrx_word' id='word_1_202' title='bbox 646 1532 702 1575; x_wconf 91' lang='lat' dir='ltr'><strong>ad</strong></span> <span class='ocrx_word' id='word_1_203' title='bbox 730 1531 1032 1575; x_wconf 85' lang='lat' dir='ltr'><strong>exaltationem</strong></span> <span class='ocrx_word' id='word_1_204' title='bbox 1062 1530 1179 1573; x_wconf 88' lang='lat' dir='ltr'><strong>illam</strong></span> <span class='ocrx_word' id='word_1_205' title='bbox 1209 1530 1447 1585; x_wconf 89' lang='lat' dir='ltr'><strong>caelestem,</strong></span> <span class='ocrx_word' id='word_1_206' title='bbox 1478 1531 1531 1574; x_wconf 90' lang='lat' dir='ltr'><strong>de</strong></span> <span class='ocrx_word' id='word_1_207' title='bbox 1561 1546 1647 1588; x_wconf 89' lang='lat' dir='ltr'><strong>qua</strong></span> <span class='ocrx_word' id='word_1_208' title='bbox 1667 1531 1830 1575; x_wconf 64' lang='lat' dir='ltr'><strong>&#39;cecidit</strong></span> 
     </span>
     <span class='ocr_line' id='line_1_30' title="bbox 334 1587 1830 1645; baseline -0.001 -14"><span class='ocrx_word' id='word_1_209' title='bbox 334 1587 404 1631; x_wconf 92' lang='lat' dir='ltr'><strong>ille</strong></span> <span class='ocrx_word' id='word_1_210' title='bbox 433 1594 630 1645; x_wconf 87' lang='lat' dir='ltr'><strong>apostata</strong></span> <span class='ocrx_word' id='word_1_211' title='bbox 658 1587 835 1644; x_wconf 84' lang='lat' dir='ltr'><strong>angelus</strong></span> <span class='ocrx_word' id='word_1_212' title='bbox 865 1603 942 1644; x_wconf 86' lang='lat' dir='ltr'><strong>per</strong></span> <span class='ocrx_word' id='word_1_213' title='bbox 971 1588 1230 1645; x_wconf 87' lang='lat' dir='ltr'><strong>superbiam,</strong></span> <span class='ocrx_word' id='word_1_214' title='bbox 1261 1589 1336 1644; x_wconf 91' lang='lat' dir='ltr'><strong>qui</strong></span> <span class='ocrx_word' id='word_1_215' title='bbox 1365 1587 1478 1630; x_wconf 87' lang='lat' dir='ltr'><strong>dixit</strong></span> <span class='ocrx_word' id='word_1_216' title='bbox 1503 1588 1549 1629; x_wconf 93' lang='lat' dir='ltr'><strong>in</strong></span> <span class='ocrx_word' id='word_1_217' title='bbox 1577 1587 1704 1631; x_wconf 89' lang='lat' dir='ltr'><strong>corde</strong></span> <span class='ocrx_word' id='word_1_218' title='bbox 1730 1603 1830 1630; x_wconf 85' lang='lat' dir='ltr'><strong>suo:</strong></span> 
     </span>
     <span class='ocr_line' id='line_1_31' title="bbox 336 1643 1827 1699; baseline -0.001 -13"><span class='ocrx_word' id='word_1_219' title='bbox 336 1645 391 1686; x_wconf 81' lang='lat' dir='ltr'><strong>In</strong></span> <span class='ocrx_word' id='word_1_220' title='bbox 428 1645 595 1688; x_wconf 86' lang='lat' dir='ltr'><strong>eaelum</strong></span> <span class='ocrx_word' id='word_1_221' title='bbox 633 1646 929 1698; x_wconf 80' lang='lat' dir='ltr'><strong>conscendam,</strong></span> <span class='ocrx_word' id='word_1_222' title='bbox 970 1659 1102 1699; x_wconf 85' lang='lat' dir='ltr'><strong>super</strong></span> <span class='ocrx_word' id='word_1_223' title='bbox 1142 1651 1266 1685; x_wconf 85' lang='lat' dir='ltr'><strong>astra</strong></span> <span class='ocrx_word' id='word_1_224' title='bbox 1302 1644 1391 1686; x_wconf 83' lang='lat' dir='ltr'><strong>Dei</strong></span> <span class='ocrx_word' id='word_1_225' title='bbox 1432 1643 1631 1687; x_wconf 78' lang='lat' dir='ltr'><strong>eoealtabo</strong></span> <span class='ocrx_word' id='word_1_226' title='bbox 1671 1643 1827 1687; x_wconf 78' lang='lat' dir='ltr'><strong>solium</strong></span> 
     </span>
     <span class='ocr_line' id='line_1_32' title="bbox 335 1700 1826 1757; baseline -0.001 -14"><span class='ocrx_word' id='word_1_227' title='bbox 335 1716 473 1743; x_wconf 82' lang='lat' dir='ltr'><strong>meum</strong></span> <span class='ocrx_word' id='word_1_228' title='bbox 502 1703 551 1743; x_wconf 77' lang='lat' dir='ltr'><strong>in</strong></span> <span class='ocrx_word' id='word_1_229' title='bbox 570 1708 710 1743; x_wconf 78' lang='lat' dir='ltr'><strong>monte</strong></span> <span class='ocrx_word' id='word_1_230' title='bbox 730 1702 983 1753; x_wconf 75' lang='lat' dir='ltr'><strong>testamenti,</strong></span> <span class='ocrx_word' id='word_1_231' title='bbox 1013 1703 1060 1743; x_wconf 80' lang='lat' dir='ltr'><strong>in</strong></span> <span class='ocrx_word' id='word_1_232' title='bbox 1086 1700 1295 1741; x_wconf 78' lang='lat' dir='ltr'><strong>lateribus</strong></span> <span class='ocrx_word' id='word_1_233' title='bbox 1326 1700 1562 1757; x_wconf 80' lang='lat' dir='ltr'><strong>aquilonis,</strong></span> <span class='ocrx_word' id='word_1_234' title='bbox 1593 1701 1826 1743; x_wconf 73' lang='lat' dir='ltr'><strong>ascendam</strong></span> 
     </span>
     <span class='ocr_line' id='line_1_33' title="bbox 335 1755 1851 1810; baseline 0 -12"><span class='ocrx_word' id='word_1_235' title='bbox 335 1772 388 1798; x_wconf 82' lang='lat' dir='ltr'><strong>su</strong></span> <span class='ocrx_word' id='word_1_236' title='bbox 424 1772 470 1798; x_wconf 89' lang='lat' dir='ltr'><strong>er</strong></span> <span class='ocrx_word' id='word_1_237' title='bbox 515 1757 788 1799; x_wconf 79' lang='lat' dir='ltr'><strong>altitudinem</strong></span> <span class='ocrx_word' id='word_1_238' title='bbox 831 1757 1024 1809; x_wconf 78' lang='lat' dir='ltr'><strong>nubium,</strong></span> <span class='ocrx_word' id='word_1_239' title='bbox 1070 1755 1226 1798; x_wconf 73' lang='lat' dir='ltr'><strong>similis</strong></span> <span class='ocrx_word' id='word_1_240' title='bbox 1268 1771 1340 1798; x_wconf 88' lang='lat' dir='ltr'><strong>ero</strong></span> <span class='ocrx_word' id='word_1_241' title='bbox 1386 1756 1623 1799; x_wconf 78' lang='lat' dir='ltr'><strong>Altissimo.</strong></span> <span class='ocrx_word' id='word_1_242' title='bbox 1683 1757 1851 1810; x_wconf 42' lang='lat' dir='ltr'><strong>Quam,</strong></span> 
     </span>
     <span class='ocr_line' id='line_1_34' title="bbox 334 1811 1826 1869; baseline 0.001 -15"><span class='ocrx_word' id='word_1_243' title='bbox 334 1828 397 1854; x_wconf 84' lang='lat' dir='ltr'><strong>sci</strong></span> <span class='ocrx_word' id='word_1_244' title='bbox 415 1813 498 1855; x_wconf 90' lang='lat' dir='ltr'><strong>icet</strong></span> <span class='ocrx_word' id='word_1_245' title='bbox 533 1819 705 1855; x_wconf 85' lang='lat' dir='ltr'><strong>satanae</strong></span> <span class='ocrx_word' id='word_1_246' title='bbox 741 1812 1008 1854; x_wconf 90' lang='lat' dir='ltr'><strong>altitudinem</strong></span> <span class='ocrx_word' id='word_1_247' title='bbox 1044 1812 1266 1854; x_wconf 88' lang='lat' dir='ltr'><strong>imitantur</strong></span> <span class='ocrx_word' id='word_1_248' title='bbox 1294 1811 1338 1852; x_wconf 88' lang='lat' dir='ltr'><strong>hi</strong></span> <span class='ocrx_word' id='word_1_249' title='bbox 1405 1812 1449 1854; x_wconf 93' lang='lat' dir='ltr'><strong>ui</strong></span> <span class='ocrx_word' id='word_1_250' title='bbox 1485 1819 1584 1854; x_wconf 85' lang='lat' dir='ltr'><strong>sunt</strong></span> <span class='ocrx_word' id='word_1_251' title='bbox 1620 1827 1677 1854; x_wconf 86' lang='lat' dir='ltr'><strong>ex</strong></span> <span class='ocrx_word' id='word_1_252' title='bbox 1705 1819 1826 1869; x_wconf 85' lang='lat' dir='ltr'><strong>parte</strong></span> 
     </span>
     <span class='ocr_line' id='line_1_35' title="bbox 333 1867 1826 1926; baseline 0.001 -16"><span class='ocrx_word' id='word_1_253' title='bbox 333 1868 459 1923; x_wconf 86' lang='lat' dir='ltr'><strong>illius,</strong></span> <span class='ocrx_word' id='word_1_254' title='bbox 491 1883 671 1925; x_wconf 90' lang='lat' dir='ltr'><strong>quorum</strong></span> <span class='ocrx_word' id='word_1_255' title='bbox 693 1869 789 1910; x_wconf 91' lang='lat' dir='ltr'><strong>finis</strong></span> <span class='ocrx_word' id='word_1_256' title='bbox 809 1869 1018 1922; x_wconf 88' lang='lat' dir='ltr'><strong>interitus,</strong></span> <span class='ocrx_word' id='word_1_257' title='bbox 1049 1867 1102 1910; x_wconf 91' lang='lat' dir='ltr'><strong>de</strong></span> <span class='ocrx_word' id='word_1_258' title='bbox 1124 1867 1281 1924; x_wconf 89' lang='lat' dir='ltr'><strong>quibus</strong></span> <span class='ocrx_word' id='word_1_259' title='bbox 1310 1875 1352 1910; x_wconf 88' lang='lat' dir='ltr'><strong>et</strong></span> <span class='ocrx_word' id='word_1_260' title='bbox 1409 1867 1599 1910; x_wconf 86' lang='lat' dir='ltr'><strong>salmista</strong></span> <span class='ocrx_word' id='word_1_261' title='bbox 1618 1867 1826 1926; x_wconf 79' lang='lat' dir='ltr'><strong>loquitur:</strong></span> 
     </span>
     <span class='ocr_line' id='line_1_36' title="bbox 334 1923 1825 1982; baseline 0 -16"><span class='ocrx_word' id='word_1_262' title='bbox 334 1925 544 1967; x_wconf 72' lang='lat' dir='ltr'><strong>Deiecisti</strong></span> <span class='ocrx_word' id='word_1_263' title='bbox 573 1941 657 1979; x_wconf 84' lang='lat' dir='ltr'><strong>eos,</strong></span> <span class='ocrx_word' id='word_1_264' title='bbox 686 1925 897 1982; x_wconf 86' lang='lat' dir='ltr'><strong>inquiens,</strong></span> <span class='ocrx_word' id='word_1_265' title='bbox 933 1925 1036 1967; x_wconf 83' lang='lat' dir='ltr'><strong>dum</strong></span> <span class='ocrx_word' id='word_1_266' title='bbox 1065 1923 1382 1967; x_wconf 72' lang='lat' dir='ltr'><strong>extollerentur.</strong></span> <span class='ocrx_word' id='word_1_267' title='bbox 1441 1925 1676 1981; x_wconf 85' lang='lat' dir='ltr'><strong>Postquam</strong></span> <span class='ocrx_word' id='word_1_268' title='bbox 1713 1926 1825 1967; x_wconf 90' lang='lat' dir='ltr'><strong>enim</strong></span> 
     </span>
     <span class='ocr_line' id='line_1_37' title="bbox 334 1980 1826 2035; baseline 0 -12"><span class='ocrx_word' id='word_1_269' title='bbox 334 1982 440 2023; x_wconf 92' lang='lat' dir='ltr'><strong>moti</strong></span> <span class='ocrx_word' id='word_1_270' title='bbox 470 1987 567 2023; x_wconf 88' lang='lat' dir='ltr'><strong>sunt</strong></span> <span class='ocrx_word' id='word_1_271' title='bbox 594 1981 789 2023; x_wconf 89' lang='lat' dir='ltr'><strong>homines</strong></span> <span class='ocrx_word' id='word_1_272' title='bbox 820 1981 874 2023; x_wconf 88' lang='lat' dir='ltr'><strong>ab</strong></span> <span class='ocrx_word' id='word_1_273' title='bbox 905 1981 1065 2023; x_wconf 89' lang='lat' dir='ltr'><strong>oriente</strong></span> <span class='ocrx_word' id='word_1_274' title='bbox 1105 1987 1146 2022; x_wconf 89' lang='lat' dir='ltr'><strong>et</strong></span> <span class='ocrx_word' id='word_1_275' title='bbox 1174 1987 1440 2023; x_wconf 86' lang='lat' dir='ltr'><strong>recesserunt</strong></span> <span class='ocrx_word' id='word_1_276' title='bbox 1469 1995 1494 2022; x_wconf 85' lang='lat' dir='ltr'><strong>a</strong></span> <span class='ocrx_word' id='word_1_277' title='bbox 1522 1996 1623 2023; x_wconf 91' lang='lat' dir='ltr'><strong>vero</strong></span> <span class='ocrx_word' id='word_1_278' title='bbox 1653 1980 1826 2035; x_wconf 90' lang='lat' dir='ltr'><strong>lumine,</strong></span> 
     </span>
     <span class='ocr_line' id='line_1_38' title="bbox 333 2037 1826 2093; baseline 0.001 -14"><span class='ocrx_word' id='word_1_279' title='bbox 333 2043 435 2079; x_wconf 89' lang='lat' dir='ltr'><strong>tunc</strong></span> <span class='ocrx_word' id='word_1_280' title='bbox 477 2037 683 2080; x_wconf 88' lang='lat' dir='ltr'><strong>adversus</strong></span> <span class='ocrx_word' id='word_1_281' title='bbox 731 2037 875 2079; x_wconf 91' lang='lat' dir='ltr'><strong>Deum</strong></span> <span class='ocrx_word' id='word_1_282' title='bbox 918 2037 1151 2093; x_wconf 89' lang='lat' dir='ltr'><strong>impietatis</strong></span> <span class='ocrx_word' id='word_1_283' title='bbox 1195 2051 1297 2078; x_wconf 90' lang='lat' dir='ltr'><strong>suae</strong></span> <span class='ocrx_word' id='word_1_284' title='bbox 1339 2037 1489 2079; x_wconf 83' lang='lat' dir='ltr'><strong>turrim</strong></span> <span class='ocrx_word' id='word_1_285' title='bbox 1531 2037 1826 2091; x_wconf 86' lang='lat' dir='ltr'><strong>aedificavere,</strong></span> 
     </span>
     <span class='ocr_line' id='line_1_39' title="bbox 332 2091 1826 2150; baseline 0.001 -15"><span class='ocrx_word' id='word_1_286' title='bbox 332 2100 436 2136; x_wconf 90' lang='lat' dir='ltr'><strong>tunc</strong></span> <span class='ocrx_word' id='word_1_287' title='bbox 475 2093 725 2150; x_wconf 90' lang='lat' dir='ltr'><strong>dogmatum</strong></span> <span class='ocrx_word' id='word_1_288' title='bbox 765 2091 987 2150; x_wconf 88' lang='lat' dir='ltr'><strong>superbias</strong></span> <span class='ocrx_word' id='word_1_289' title='bbox 1019 2092 1330 2147; x_wconf 83' lang='lat' dir='ltr'><strong>confinxerunt,</strong></span> <span class='ocrx_word' id='word_1_290' title='bbox 1362 2093 1606 2136; x_wconf 83' lang='lat' dir='ltr'><strong>curiositate</strong></span> <span class='ocrx_word' id='word_1_291' title='bbox 1636 2093 1826 2136; x_wconf 88' lang='lat' dir='ltr'><strong>volentes</strong></span> 
     </span>
     <span class='ocr_line' id='line_1_40' title="bbox 333 2149 1827 2206; baseline 0.001 -15"><span class='ocrx_word' id='word_1_292' title='bbox 333 2165 420 2192; x_wconf 92' lang='lat' dir='ltr'><strong>non</strong></span> <span class='ocrx_word' id='word_1_293' title='bbox 449 2150 566 2192; x_wconf 85' lang='lat' dir='ltr'><strong>licita</strong></span> <span class='ocrx_word' id='word_1_294' title='bbox 593 2151 638 2191; x_wconf 92' lang='lat' dir='ltr'><strong>in</strong></span> <span class='ocrx_word' id='word_1_295' title='bbox 667 2151 804 2206; x_wconf 90' lang='lat' dir='ltr'><strong>ipsius</strong></span> <span class='ocrx_word' id='word_1_296' title='bbox 824 2149 932 2192; x_wconf 87' lang='lat' dir='ltr'><strong>caeli</strong></span> <span class='ocrx_word' id='word_1_297' title='bbox 959 2149 1045 2191; x_wconf 86' lang='lat' dir='ltr'><strong>alta</strong></span> <span class='ocrx_word' id='word_1_298' title='bbox 1073 2154 1318 2205; x_wconf 80' lang='lat' dir='ltr'><strong>penetrare3</strong></span> <span class='ocrx_word' id='word_1_299' title='bbox 1347 2157 1390 2192; x_wconf 92' lang='lat' dir='ltr'><strong>et</strong></span> <span class='ocrx_word' id='word_1_300' title='bbox 1408 2155 1586 2193; x_wconf 88' lang='lat' dir='ltr'><strong>vocatus</strong></span> <span class='ocrx_word' id='word_1_301' title='bbox 1615 2156 1679 2192; x_wconf 91' lang='lat' dir='ltr'><strong>est</strong></span> <span class='ocrx_word' id='word_1_302' title='bbox 1706 2149 1827 2192; x_wconf 91' lang='lat' dir='ltr'><strong>locus</strong></span> 
     </span>
     <span class='ocr_line' id='line_1_41' title="bbox 333 2205 1828 2262; baseline 0 -14"><span class='ocrx_word' id='word_1_303' title='bbox 333 2205 404 2248; x_wconf 93' lang='lat' dir='ltr'><strong>ille</strong></span> <span class='ocrx_word' id='word_1_304' title='bbox 425 2206 573 2260; x_wconf 87' lang='lat' dir='ltr'><strong>Babel,</strong></span> <span class='ocrx_word' id='word_1_305' title='bbox 602 2206 646 2248; x_wconf 91' lang='lat' dir='ltr'><strong>id</strong></span> <span class='ocrx_word' id='word_1_306' title='bbox 667 2213 732 2248; x_wconf 90' lang='lat' dir='ltr'><strong>est</strong></span> <span class='ocrx_word' id='word_1_307' title='bbox 752 2206 958 2248; x_wconf 90' lang='lat' dir='ltr'><strong>confusio.</strong></span> <span class='ocrx_word' id='word_1_308' title='bbox 1005 2205 1142 2258; x_wconf 79' lang='lat' dir='ltr'><strong>Quale</strong></span> <span class='ocrx_word' id='word_1_309' title='bbox 1170 2205 1420 2261; x_wconf 84' lang='lat' dir='ltr'><strong>mysterium</strong></span> <span class='ocrx_word' id='word_1_310' title='bbox 1449 2205 1685 2262; x_wconf 87' lang='lat' dir='ltr'><strong>iniquitatis</strong></span> <span class='ocrx_word' id='word_1_311' title='bbox 1713 2220 1828 2248; x_wconf 90' lang='lat' dir='ltr'><strong>nunc</strong></span> 
     </span>
     <span class='ocr_line' id='line_1_42' title="bbox 335 2260 1824 2319; baseline 0 -15"><span class='ocrx_word' id='word_1_312' title='bbox 335 2270 535 2319; x_wconf 87' lang='lat' dir='ltr'><strong>operatur</strong></span> <span class='ocrx_word' id='word_1_313' title='bbox 571 2277 650 2319; x_wconf 89' lang='lat' dir='ltr'><strong>per</strong></span> <span class='ocrx_word' id='word_1_314' title='bbox 679 2263 888 2318; x_wconf 90' lang='lat' dir='ltr'><strong>quosdam</strong></span> <span class='ocrx_word' id='word_1_315' title='bbox 935 2263 1010 2318; x_wconf 89' lang='lat' dir='ltr'><strong>qui</strong></span> <span class='ocrx_word' id='word_1_316' title='bbox 1046 2262 1245 2303; x_wconf 90' lang='lat' dir='ltr'><strong>dicuntur</strong></span> <span class='ocrx_word' id='word_1_317' title='bbox 1273 2260 1486 2316; x_wconf 90' lang='lat' dir='ltr'><strong>monachi,</strong></span> <span class='ocrx_word' id='word_1_318' title='bbox 1517 2261 1824 2304; x_wconf 84' lang='lat' dir='ltr'><strong>confundentes</strong></span> 
     </span>
     <span class='ocr_line' id='line_1_43' title="bbox 336 2317 1824 2375; baseline -0.001 -14"><span class='ocrx_word' id='word_1_319' title='bbox 336 2318 560 2361; x_wconf 87' lang='lat' dir='ltr'><strong>ecclesiam</strong></span> <span class='ocrx_word' id='word_1_320' title='bbox 597 2319 758 2375; x_wconf 89' lang='lat' dir='ltr'><strong>pariter</strong></span> <span class='ocrx_word' id='word_1_321' title='bbox 794 2325 836 2360; x_wconf 89' lang='lat' dir='ltr'><strong>et</strong></span> <span class='ocrx_word' id='word_1_322' title='bbox 875 2333 965 2360; x_wconf 88' lang='lat' dir='ltr'><strong>rem</strong></span> <span class='ocrx_word' id='word_1_323' title='bbox 1004 2317 1223 2374; x_wconf 87' lang='lat' dir='ltr'><strong>publicam</strong></span> <span class='ocrx_word' id='word_1_324' title='bbox 1262 2332 1464 2374; x_wconf 85' lang='lat' dir='ltr'><strong>perverso</strong></span> <span class='ocrx_word' id='word_1_325' title='bbox 1501 2318 1701 2373; x_wconf 90' lang='lat' dir='ltr'><strong>dogmate</strong></span> <span class='ocrx_word' id='word_1_326' title='bbox 1733 2333 1824 2372; x_wconf 90' lang='lat' dir='ltr'><strong>suo,</strong></span> 
     </span>
     <span class='ocr_line' id='line_1_44' title="bbox 336 2373 1823 2430; baseline 0 -14"><span class='ocrx_word' id='word_1_327' title='bbox 336 2376 410 2430; x_wconf 90' lang='lat' dir='ltr'><strong>qui</strong></span> <span class='ocrx_word' id='word_1_328' title='bbox 439 2375 718 2417; x_wconf 87' lang='lat' dir='ltr'><strong>adversantur</strong></span> <span class='ocrx_word' id='word_1_329' title='bbox 746 2382 788 2417; x_wconf 90' lang='lat' dir='ltr'><strong>et</strong></span> <span class='ocrx_word' id='word_1_330' title='bbox 817 2373 1026 2416; x_wconf 83' lang='lat' dir='ltr'><strong>extollunt</strong></span> <span class='ocrx_word' id='word_1_331' title='bbox 1055 2389 1100 2416; x_wconf 89' lang='lat' dir='ltr'><strong>se</strong></span> <span class='ocrx_word' id='word_1_332' title='bbox 1130 2373 1336 2416; x_wconf 88' lang='lat' dir='ltr'><strong>adversus</strong></span> <span class='ocrx_word' id='word_1_333' title='bbox 1374 2374 1535 2428; x_wconf 87' lang='lat' dir='ltr'><strong>regiam</strong></span> <span class='ocrx_word' id='word_1_334' title='bbox 1569 2379 1823 2430; x_wconf 85' lang='lat' dir='ltr'><strong>potestatem</strong></span> 
     </span>
     <span class='ocr_line' id='line_1_45' title="bbox 336 2428 1825 2487; baseline 0.001 -16"><span class='ocrx_word' id='word_1_335' title='bbox 336 2437 379 2472; x_wconf 89' lang='lat' dir='ltr'><strong>et</strong></span> <span class='ocrx_word' id='word_1_336' title='bbox 402 2430 606 2473; x_wconf 89' lang='lat' dir='ltr'><strong>adversus</strong></span> <span class='ocrx_word' id='word_1_337' title='bbox 627 2430 906 2487; x_wconf 88' lang='lat' dir='ltr'><strong>apostolicam</strong></span> <span class='ocrx_word' id='word_1_338' title='bbox 928 2430 1085 2483; x_wconf 88' lang='lat' dir='ltr'><strong>sedem,</strong></span> <span class='ocrx_word' id='word_1_339' title='bbox 1116 2435 1328 2485; x_wconf 88' lang='lat' dir='ltr'><strong>putantes,</strong></span> <span class='ocrx_word' id='word_1_340' title='bbox 1357 2428 1597 2484; x_wconf 87' lang='lat' dir='ltr'><strong>legitimum</strong></span> <span class='ocrx_word' id='word_1_341' title='bbox 1625 2445 1713 2472; x_wconf 93' lang='lat' dir='ltr'><strong>non</strong></span> <span class='ocrx_word' id='word_1_342' title='bbox 1732 2445 1825 2473; x_wconf 88' lang='lat' dir='ltr'><strong>esse</strong></span> 
     </span>
     <span class='ocr_line' id='line_1_46' title="bbox 335 2486 1826 2543; baseline 0.001 -16"><span class='ocrx_word' id='word_1_343' title='bbox 335 2500 529 2541; x_wconf 86' lang='lat' dir='ltr'><strong>regnum,</strong></span> <span class='ocrx_word' id='word_1_344' title='bbox 558 2487 641 2528; x_wconf 91' lang='lat' dir='ltr'><strong>nisi</strong></span> <span class='ocrx_word' id='word_1_345' title='bbox 670 2486 785 2543; x_wconf 91' lang='lat' dir='ltr'><strong>quod</strong></span> <span class='ocrx_word' id='word_1_346' title='bbox 814 2501 893 2543; x_wconf 90' lang='lat' dir='ltr'><strong>per</strong></span> <span class='ocrx_word' id='word_1_347' title='bbox 912 2486 1048 2528; x_wconf 87' lang='lat' dir='ltr'><strong>scelus</strong></span> <span class='ocrx_word' id='word_1_348' title='bbox 1078 2486 1204 2527; x_wconf 88' lang='lat' dir='ltr'><strong>fuerit</strong></span> <span class='ocrx_word' id='word_1_349' title='bbox 1233 2486 1487 2541; x_wconf 89' lang='lat' dir='ltr'><strong>quaesitum,</strong></span> <span class='ocrx_word' id='word_1_350' title='bbox 1515 2500 1595 2527; x_wconf 91' lang='lat' dir='ltr'><strong>nec</strong></span> <span class='ocrx_word' id='word_1_351' title='bbox 1622 2486 1826 2528; x_wconf 91' lang='lat' dir='ltr'><strong>idoneum</strong></span> 
     </span>
     <span class='ocr_line' id='line_1_47' title="bbox 337 2541 1826 2598; baseline 0.001 -15"><span class='ocrx_word' id='word_1_352' title='bbox 337 2556 429 2583; x_wconf 90' lang='lat' dir='ltr'><strong>esse</strong></span> <span class='ocrx_word' id='word_1_353' title='bbox 460 2542 676 2584; x_wconf 87' lang='lat' dir='ltr'><strong>Romanae</strong></span> <span class='ocrx_word' id='word_1_354' title='bbox 707 2541 912 2584; x_wconf 87' lang='lat' dir='ltr'><strong>ecclesiae</strong></span> <span class='ocrx_word' id='word_1_355' title='bbox 941 2543 1205 2598; x_wconf 91' lang='lat' dir='ltr'><strong>episcopum,</strong></span> <span class='ocrx_word' id='word_1_356' title='bbox 1235 2541 1317 2583; x_wconf 83' lang='lat' dir='ltr'><strong>nisi</strong></span> <span class='ocrx_word' id='word_1_357' title='bbox 1352 2556 1429 2597; x_wconf 88' lang='lat' dir='ltr'><strong>per</strong></span> <span class='ocrx_word' id='word_1_358' title='bbox 1486 2556 1584 2583; x_wconf 91' lang='lat' dir='ltr'><strong>uem</strong></span> <span class='ocrx_word' id='word_1_359' title='bbox 1613 2543 1826 2598; x_wconf 87' lang='lat' dir='ltr'><strong>pandatur</strong></span> 
     </span>
     <span class='ocr_line' id='line_1_48' title="bbox 338 2597 1823 2641; baseline 0.002 -3"><span class='ocrx_word' id='word_1_360' title='bbox 338 2598 537 2640; x_wconf 91' lang='lat' dir='ltr'><strong>omnibus</strong></span> <span class='ocrx_word' id='word_1_361' title='bbox 581 2598 777 2639; x_wconf 88' lang='lat' dir='ltr'><strong>hereticis</strong></span> <span class='ocrx_word' id='word_1_362' title='bbox 816 2599 944 2639; x_wconf 87' lang='lat' dir='ltr'><strong>ianua</strong></span> <span class='ocrx_word' id='word_1_363' title='bbox 982 2603 1024 2639; x_wconf 88' lang='lat' dir='ltr'><strong>et</strong></span> <span class='ocrx_word' id='word_1_364' title='bbox 1067 2598 1263 2639; x_wconf 81' lang='lat' dir='ltr'><strong>introitus</strong></span> <span class='ocrx_word' id='word_1_365' title='bbox 1308 2597 1352 2638; x_wconf 92' lang='lat' dir='ltr'><strong>in</strong></span> <span class='ocrx_word' id='word_1_366' title='bbox 1396 2612 1420 2639; x_wconf 93' lang='lat' dir='ltr'><strong>o</strong></span> <span class='ocrx_word' id='word_1_367' title='bbox 1455 2598 1464 2606; x_wconf 74' lang='lat'><em>⁶</em></span> <span class='ocrx_word' id='word_1_368' title='bbox 1485 2613 1507 2640; x_wconf 94' lang='lat' dir='ltr'><strong>e</strong></span> <span class='ocrx_word' id='word_1_369' title='bbox 1549 2598 1823 2641; x_wconf 91' lang='lat' dir='ltr'><strong>dominicum.</strong></span> 
     </span>
     <span class='ocr_line' id='line_1_49' title="bbox 336 2654 1825 2710; baseline 0.001 -15"><span class='ocrx_word' id='word_1_370' title='bbox 336 2654 547 2696; x_wconf 86' lang='lat' dir='ltr'><strong>Novimus</strong></span> <span class='ocrx_word' id='word_1_371' title='bbox 578 2654 751 2710; x_wconf 89' lang='lat' dir='ltr'><strong>quidem</strong></span> <span class='ocrx_word' id='word_1_372' title='bbox 785 2654 1063 2695; x_wconf 87' lang='lat' dir='ltr'><strong>domesticam</strong></span> <span class='ocrx_word' id='word_1_373' title='bbox 1103 2654 1411 2695; x_wconf 89' lang='lat' dir='ltr'><strong>institutionem</strong></span> <span class='ocrx_word' id='word_1_374' title='bbox 1442 2654 1652 2696; x_wconf 91' lang='lat' dir='ltr'><strong>eiusmodi</strong></span> <span class='ocrx_word' id='word_1_375' title='bbox 1680 2669 1825 2697; x_wconf 90' lang='lat' dir='ltr'><strong>mona-</strong></span> 
     </span>
     <span class='ocr_line' id='line_1_50' title="bbox 338 2709 1824 2775; baseline 0 -23"><span class='ocrx_word' id='word_1_376' title='bbox 338 2709 530 2763; x_wconf 86' lang='lat' dir='ltr'><strong>chorum,</strong></span> <span class='ocrx_word' id='word_1_377' title='bbox 570 2725 697 2766; x_wconf 89' lang='lat' dir='ltr'><strong>quam</strong></span> <span class='ocrx_word' id='word_1_378' title='bbox 727 2725 826 2752; x_wconf 86' lang='lat' dir='ltr'><strong>vere</strong></span> <span class='ocrx_word' id='word_1_379' title='bbox 865 2724 1091 2766; x_wconf 86' lang='lat' dir='ltr'><strong>possumus</strong></span> <span class='ocrx_word' id='word_1_380' title='bbox 1121 2709 1357 2752; x_wconf 87' lang='lat' dir='ltr'><strong>assimilare</strong></span> <span class='ocrx_word' id='word_1_381' title='bbox 1387 2709 1552 2775; x_wconf 81' lang='lat' dir='ltr'><strong>siliquis</strong></span> <span class='ocrx_word' id='word_1_382' title='bbox 1581 2725 1824 2768; x_wconf 91' lang='lat' dir='ltr'><strong>porcorum,</strong></span> 
     </span>
    </p>
   </div>
   <div class='ocr_carea' id='block_1_12' title="bbox 122 2765 1878 2823">
    <p class='ocr_par' dir='ltr' id='par_1_12' title="bbox 122 2765 1878 2823">
     <span class='ocr_line' id='line_1_51' title="bbox 122 2765 1878 2823; baseline 0.001 -16"><span class='ocrx_word' id='word_1_383' title='bbox 122 2781 199 2809; x_wconf 72' lang='lat' dir='ltr'><strong>nuc.</strong></span> <span class='ocrx_word' id='word_1_384' title='bbox 215 2781 322 2817; x_wconf 83' lang='grc'><strong>15,16.</strong></span> <span class='ocrx_word' id='word_1_385' title='bbox 338 2766 391 2808; x_wconf 92' lang='lat' dir='ltr'><strong>de</strong></span> <span class='ocrx_word' id='word_1_386' title='bbox 426 2765 580 2823; x_wconf 90' lang='lat' dir='ltr'><strong>quibus</strong></span> <span class='ocrx_word' id='word_1_387' title='bbox 615 2781 700 2808; x_wconf 91' lang='lat' dir='ltr'><strong>non</strong></span> <span class='ocrx_word' id='word_1_388' title='bbox 735 2766 874 2822; x_wconf 88' lang='lat' dir='ltr'><strong>potuit</strong></span> <span class='ocrx_word' id='word_1_389' title='bbox 910 2765 978 2809; x_wconf 90' lang='lat' dir='ltr'><strong>ille</strong></span> <span class='ocrx_word' id='word_1_390' title='bbox 1009 2767 1204 2820; x_wconf 86' lang='lat' dir='ltr'><strong>saturari,</strong></span> <span class='ocrx_word' id='word_1_391' title='bbox 1241 2781 1368 2823; x_wconf 90' lang='lat' dir='ltr'><strong>quem</strong></span> <span class='ocrx_word' id='word_1_392' title='bbox 1399 2766 1501 2808; x_wconf 82' lang='lat' dir='ltr'><strong>diclt</strong></span> <span class='ocrx_word' id='word_1_393' title='bbox 1529 2782 1573 2808; x_wconf 93' lang='lat' dir='ltr'><strong>1n</strong></span> <span class='ocrx_word' id='word_1_394' title='bbox 1603 2766 1826 2823; x_wconf 86' lang='lat' dir='ltr'><strong>euangelio</strong></span> <span class='ocrx_word' id='word_1_395' title='bbox 1875 2776 1878 2796; x_wconf 78' lang='lat'><em>³</em></span> 
     </span>
    </p>
   </div>
   <div class='ocr_carea' id='block_1_13' title="bbox 338 2862 826 2897">
    <p class='ocr_par' dir='ltr' id='par_1_13' title="bbox 338 2862 826 2897">
     <span class='ocr_line' id='line_1_52' title="bbox 338 2862 826 2897; baseline -0.004 -8"><span class='ocrx_word' id='word_1_396' title='bbox 338 2862 369 2896; x_wconf 84' lang='lat' dir='ltr'><strong>a)</strong></span> <span class='ocrx_word' id='word_1_397' title='bbox 397 2864 470 2888; x_wconf 69' lang='lat' dir='ltr'><strong>deest</strong></span> <span class='ocrx_word' id='word_1_398' title='bbox 494 2865 519 2890; x_wconf 91' lang='lat'><strong>1.</strong></span> <span class='ocrx_word' id='word_1_399' title='bbox 599 2862 631 2897; x_wconf 92' lang='lat' dir='ltr'><strong>b)</strong></span> <span class='ocrx_word' id='word_1_400' title='bbox 660 2863 721 2888; x_wconf 85' lang='lat' dir='ltr'><strong>sint</strong></span> <span class='ocrx_word' id='word_1_401' title='bbox 747 2863 826 2895; x_wconf 60' lang='grc' dir='ltr'><em>Παῖς.</em></span> 
     </span>
    </p>
   </div>
   <div class='ocr_carea' id='block_1_14' title="bbox 343 2939 752 2982">
    <p class='ocr_par' dir='ltr' id='par_1_14' title="bbox 343 2939 752 2982">
     <span class='ocr_line' id='line_1_53' title="bbox 343 2939 752 2982; baseline 0.005 -11"><span class='ocrx_word' id='word_1_402' title='bbox 343 2939 380 2982; x_wconf 89' lang='lat'><strong>1)</strong></span> <span class='ocrx_word' id='word_1_403' title='bbox 408 2940 462 2972; x_wconf 80' lang='lat' dir='ltr'><strong>ef.</strong></span> <span class='ocrx_word' id='word_1_404' title='bbox 487 2939 550 2972; x_wconf 81' lang='lat' dir='ltr'><strong>lib.</strong></span> <span class='ocrx_word' id='word_1_405' title='bbox 577 2940 605 2980; x_wconf 90' lang='lat'><strong>1,</strong></span> <span class='ocrx_word' id='word_1_406' title='bbox 635 2951 666 2972; x_wconf 77' lang='lat' dir='ltr'><strong>e.</strong></span> <span class='ocrx_word' id='word_1_407' title='bbox 696 2940 752 2973; x_wconf 89' lang='lat'><strong>11.</strong></span> 
     </span>
    </p>
   </div>
  </div>
 </body>
</html>
