1878 3308
337 298 406 331 DE
431 297 644 331 UNITATE
671 297 946 333 ECCLESIAE
974 297 1344 334 CONSERVANDA.
1552 301 1596 332 51

103 412 175 455 cui
194 417 311 455 certe
331 411 494 454 dictum
515 414 580 451 est
604 422 630 450 a
649 408 838 451 Domino
859 423 955 451 cum
976 410 1104 453 Petro
1125 409 1339 466 apostolo:
1371 410 1425 454 Si
1444 412 1598 469 diligis
1611 425 1678 452 Iob.
1704 426 1811 459 12,1s.

100 482 179 523 me,
202 483 340 525 pasce
379 481 474 511 oves
514 480 646 519 meas,
684 466 729 507 id
759 472 823 508 est
851 465 919 508 fac
948 480 1028 523 pro
1055 465 1271 520 fratribus,
1304 467 1419 524 quod
1448 482 1528 524 pro
1556 474 1599 511 te

98 522 196 579 feci,
271 523 317 566 ui
360 536 507 566 omnes
552 522 762 578 sanguine
801 535 898 564 meo
926 523 1109 576 redemi3
1150 537 1196 564 er
1228 536 1252 564 ο
1288 537 1386 564 cum
1425 524 1596 566 misere-

99 585 218 624 retur
275 579 435 623 hristus
455 576 611 621 ovibus
634 578 738 630 suis,
767 577 924 642 quibus
953 578 1090 620 noluit
1110 578 1183 620 Hil
1215 579 1366 621 ebrant
1390 581 1596 634 misereri,

98 636 256 681 relictis
286 637 363 691 eis,
404 635 449 678 fu
485 635 516 677 ‘t
543 634 589 676 in
617 633 883 683 Traiamum,
914 648 1025 691 quae
1055 633 1218 677 scilicet
1245 636 1427 678 munitio
1458 636 1599 679 hacte-

98 707 181 736 nus
209 693 311 736 inex
343 707 459 749 ugna
491 689 559 732 ilis
590 689 706 732 dicta
736 696 813 744 est,
842 689 973 746 vulgo
995 690 1149 733 domus
1171 690 1445 734 Theodorici.
1485 692 1598 734 Tum

127 748 274 793 uidem
343 761 498 791 omana
528 745 709 790 ecclesia
739 744 866 801 elegit
897 746 1183 804 Wigberdum
1215 762 1507 791 successorem
1536 747 1730 811 illium&

176 805 293 859 'tivo,
332 819 432 848 eum
470 808 586 846 certe
626 801 845 868 principes
883 817 970 844 non
1010 804 1094 846 sint
1122 805 1266 847 timori
1306 804 1410 847 boni
1439 805 1595 862 operis,
1644 792 1701 812 ’ω
1735 788 1762 812 ²'

95 876 117 905 s
221 860 348 915 mali,
397 860 508 904 sicut
555 857 713 901 dic1tur
749 871 776 899 a
823 858 959 901 Paulo
1007 860 1216 917 apostolo.
1303 861 1415 903 Tum
1465 862 1592 904 etiam
1608 874 1794 907 Rom.1s,s.

96 932 175 962 rex
210 916 431 960 ordinatus
469 922 535 958 est
569 915 803 979 imperator
839 914 895 957 ab
932 915 1084 958 eodem
1120 932 1237 973 papa
1267 916 1499 971 Clemente,
1540 932 1597 960 ex
1609 931 1760 959 Marum.

97 987 183 1032 qua
209 972 436 1017 amborum
466 970 732 1014 ordinanone
792 971 994 1028 raecipue
1030 973 1211 1030 insignis
1248 981 1313 1016 est
1345 988 1483 1016 annus
1522 974 1596 1030 qui

94 1038 198 1074 tune
227 1035 320 1072 erat
348 1030 404 1072 ab
433 1027 726 1071 incarnatione
803 1028 937 1069 omini
969 1029 1090 1072 1084.
1152 1028 1240 1072 Sed
1277 1036 1376 1086 post
1404 1029 1596 1087 aliquan-

94 1093 187 1130 tum
230 1086 436 1143 temporis
479 1083 648 1140 fugiens
693 1096 866 1140 quoque
903 1083 1164 1128 Hildebrant
1209 1101 1266 1128 ex
1309 1085 1381 1128 illa
1426 1101 1512 1143 qua
1551 1101 1597 1129 se

94 1141 384 1186 occultaverat
403 1141 655 1193 munitione,
686 1137 913 1181 Salernum
933 1141 1058 1197 petiit
1086 1141 1236 1200 ibique
1258 1142 1390 1185 vitam
1411 1141 1553 1184 finivit
1567 1150 1597 1184 ¹.

94 1198 235 1257 Igitur
262 1205 405 1242 utrum
435 1198 492 1240 sit
519 1202 667 1254 pastor
705 1209 761 1237 an
790 1198 1123 1252 mercennarius,
1154 1199 1357 1255 cognosci
1384 1198 1598 1241 veraciter

93 1269 181 1299 non
194 1260 351 1312 potest,
367 1254 404 1296 si
420 1253 591 1297 occasio
606 1252 879 1294 necessitatis
895 1251 1028 1296 deest.
1054 1254 1181 1297 Unde
1197 1261 1371 1297 sanctus
1381 1253 1472 1296 Leo
1480 1269 1597 1311 papa

93 1310 286 1355 scribens
300 1325 379 1368 per
392 1310 618 1353 Rusticum
633 1307 959 1351 Narbonensem
976 1311 1229 1367 episcopum
1246 1311 1398 1353 ceteris
1414 1311 1596 1366 pastori-

93 1367 177 1411 bus
192 1365 399 1410 eeclesiae
414 1365 588 1419 Christi,
603 1362 830 1406 ostendens
846 1365 1017 1421 scriptis
1064 1367 1194 1410 ariter
1213 1373 1255 1410 et
1270 1381 1394 1410 exem
1427 1367 1494 1420 lis,
1510 1381 1596 1409 non

95 1422 254 1467 debere
283 1421 528 1466 sacerdotes
553 1420 641 1463 Dei
660 1419 757 1462 ullis
778 1419 1042 1464 tribulatiom
1074 1437 1124 1464 us
1154 1422 1222 1465 vel
1243 1422 1402 1466 scanda
1420 1425 1455 1466 is
1475 1422 1594 1464 infir-

95 1479 218 1533 mari,
248 1493 334 1536 quo
356 1478 580 1521 discedant
604 1490 630 1517 a
651 1489 754 1518 cura
780 1477 1005 1532 pastorali3
1035 1493 1136 1521 nam
1163 1479 1175 1520 i
1212 1494 1257 1522 se
1281 1479 1438 1534 dignus
1467 1477 1594 1535 plane

92 1534 280 1579 vicarius
291 1535 409 1578 Petri
419 1533 602 1592 apostoli
614 1538 656 1575 et
665 1546 794 1574 verus
802 1533 990 1576 imitator
1000 1493 1282 1578 essentiai’iter
1292 1535 1393 1577 boni
1409 1535 1594 1592 pastoris

93 1606 183 1635 non
199 1591 342 1634 timuit
364 1604 589 1633 occurrere
605 1587 674 1631 vel
690 1587 901 1631 Geisirico
913 1604 958 1633 re
991 1590 1328 1634 iWandalorum
1340 1591 1411 1634 vel
1423 1589 1593 1634 Attalae

171 1647 183 1658 ⁶
199 1645 473 1701 Hunnorum,
490 1644 778 1689 infestissimis
799 1644 963 1689 scilicet
1008 1647 1171 1690 ostibus
1187 1647 1394 1690 ecclesiae
1411 1646 1595 1690 simulet

95 1718 159 1748 rei
204 1701 386 1757 ublicae3
402 1717 453 1746 ac
468 1701 647 1759 perinde
668 1699 818 1743 scribit
832 1701 945 1744 idem
963 1701 1051 1744 Leo
1068 1703 1180 1746 inter
1193 1709 1334 1746 cetera
1349 1703 1593 1760 pastoribus

93 1773 169 1804 ecc
185 1759 322 1804 esino:
370 1769 519 1804 Dicente
544 1779 637 1811 vero,
662 1757 843 1813 inquit²‚
875 1768 1039 1802 Domino:
1060 1770 1217 1811 Ἔθαψε,
1239 1769 1302 1813 qui
1312 1769 1594 1813 perseveraverit
1607 1758 1778 1823 11ΒὲῙέᾸῆ
1802 1758 1804 1762 ’

95 1831 205 1865 usque
221 1818 261 1853 in
276 1818 411 1864 finem',
437 1818 533 1852 unde
557 1823 633 1852 erat
659 1817 762 1851 beata
776 1818 1053 1860 perseverantia,
1081 1818 1153 1852 nisi
1169 1819 1213 1852 de
1230 1819 1358 1852 virtute
1369 1818 1594 1862 patientiae?
1707 1815 1714 1823 '

97 1869 194 1904 Nam
209 1868 404 1903 secundum
422 1867 651 1911 apostoticam
663 1865 970 1909 praedicationem
987 1878 1104 1901 omnes
1130 1868 1192 1911 qui
1209 1866 1383 1901 voluerint
1400 1868 1438 1900 in
1456 1866 1593 1901 Christo

91 1917 154 1962 pt'e
178 1917 297 1952 vivere
315 1916 596 1960 persecutionem
619 1915 816 1958 patientur,
843 1926 934 1957 quae
959 1927 1031 1949 non
1063 1915 1103 1948 in
1128 1927 1166 1950 eo
1191 1920 1329 1949 tantum
1354 1916 1596 1959 computanda

97 1972 160 2010 eet,
184 1967 282 2011 quod
313 1970 437 2000 contra
469 1963 699 1998 christianam
720 1962 889 2006 pietatem
922 1968 985 1996 aut
999 1964 1105 2007 ferro
1132 1970 1194 1997 aut
1219 1964 1358 2008 iynibus
1386 1963 1507 2007 agitur
1532 1968 1595 1997 aut

96 2015 364 2060 quibuscunque
396 2011 604 2056 suppliciis5
637 2022 714 2045 cum
742 2017 1009 2054 persecutorum
1042 2012 1229 2047 saevitiam
1249 2013 1439 2055 suppleant
1464 2018 1496 2047 et
1522 2013 1593 2046 dis-

95 2062 374 2098 wamiam·
404 2072 539 2095 morum
573 2066 605 2094 et
630 2060 851 2093 contumacia
877 2060 1150 2094 inobedientium
1177 2066 1208 2094 et
1233 2062 1473 2105 malignarum
1498 2062 1594 2095 tela·

97 2112 314 2157 linguarum,
341 2122 419 2145 cum
444 2109 649 2143 huiusmodi
666 2107 979 2151 conflictationibus
1006 2109 1124 2143 onmia
1149 2121 1285 2153 semper
1310 2110 1466 2143 membra
1490 2111 1593 2144 eccle—

98 2161 175 2196 siae
193 2160 385 2205 pulsemur
420 2164 450 2193 et
485 2159 586 2192 nulla
613 2158 756 2200 piorum
786 2157 903 2200 portio
936 2169 958 2190 a
984 2157 1237 2202 cmzflictatione
1263 2157 1308 2191 sit
1334 2157 1455 2192 libera.
1507 2158 1593 2192 Per-

98 2209 313 2244 manandum
344 2213 393 2243 est
427 2219 507 2252 erqo
542 2207 578 2241 in
611 2217 713 2250 opere
749 2206 879 2239 credito
915 2211 946 2239 et
972 2206 1009 2239 in
1035 2207 1154 2240 labore
1180 2212 1361 2251 suscep105
1393 2211 1596 2242 constanter

98 2259 250 2294 tenenda
283 2262 332 2292 est
366 2255 504 2290 iustitia
539 2261 569 2291 et
604 2255 749 2298 benique
769 2256 994 2298 praestanda
1027 2254 1220 2290 clementia.
1276 2255 1365 2290 odio
1395 2256 1595 2290 habeantur

96 2311 254 2351 peccata,
288 2318 361 2341 non
395 2305 573 2345 homines,-
608 2303 849 2346 com-ipianmr
883 2304 1020 2346 tumidi,
1055 2305 1245 2338 tolerentur
1275 2304 1416 2348 infirmi,
1442 2310 1474 2339 et
1500 2305 1595 2348 quod

95 2355 135 2391 ὄπ
166 2356 394 2400 peccantibus
428 2354 584 2389 severius
617 2352 786 2396 castiyarae'
818 2364 955 2387 necesse
990 2357 1049 2393 est,
1090 2365 1162 2387 non
1194 2352 1383 2388 saevientis
1417 2354 1594 2397 plectatur

99 2404 229 2448 anim,
263 2404 326 2439 sed
357 2403 547 2444 medenas,-
581 2415 623 2437 ac
663 2402 695 2435 si
726 2401 959 2436 vehementior
993 2402 1174 2436 tribulatio
1199 2402 1408 2443 incubuerit,
1444 2414 1517 2436 non
1543 2402 1594 2436 ita

99 2464 387 2499 coepwescanius‚
420 2452 526 2496 quasi
557 2452 612 2486 illi
642 2451 851 2485 adversitati
870 2451 1029 2494 propriis
1064 2451 1199 2486 viribus
1225 2451 1430 2493 resistendo,
1457 2462 1536 2485 cum
1562 2457 1593 2485 et

99 2502 284 2537 concilium
308 2506 467 2536 nostrum
492 2506 524 2535 et
538 2500 719 2545 fortitudo
747 2499 791 2534 sit
818 2499 988 2540 Christus,
1017 2512 1058 2533 ac
1084 2500 1159 2534 sine
1185 2511 1252 2543 quo
1278 2500 1370 2534 vailate
1388 2511 1591 2544 possumus,

92 2562 162 2595 per
194 2550 312 2596 ipsum
343 2555 470 2585 cuncta
497 2550 689 2593 possimus,
723 2549 785 2591 qui
819 2549 1028 2592 confirmans
1057 2549 1324 2591 praedicatores
1362 2548 1537 2593 euanyetii
1562 2555 1592 2582 et

98 2604 398 2635 sacramentorum
431 2598 627 2632 ministros.-
668 2597 770 2631 ‘Ecce
799 2596 888 2642 eyo',
926 2597 1050 2640 inquit,
1087 2598 1272 2631 ‘vobiscum
1312 2609 1389 2632 sum
1433 2597 1592 2631 omnibus

98 2647 221 2684 diebu·
258 2660 366 2692 usque
400 2648 449 2681 acl
482 2645 813 2681 consummationem
847 2644 1004 2680 saeculi'.
1056 2646 1102 2679 Et
1128 2647 1271 2681 iterum.-
1303 2645 1438 2691 vase,
1465 2645 1590 2690 inquit,
1606 2641 1713 2707 Μ’ῑὲῐό·
1728 2643 1778 2676 28,

99 2787 131 2822 ι)
150 2789 206 2817 ud
227 2792 258 2816 et
278 2789 563 2815 dissimilitudinem
586 2805 741 2815 ......
765 2788 834 2814 tells
859 2789 893 2819 13
913 2787 962 2813 sed
983 2787 1051 2813 haec
1071 2794 1134 2812 cum
1154 2787 1294 2813 sententia
1316 2787 1370 2813 loci
1387 2790 1531 2820 puqnant.

105 2896 140 2937 1)
165 2895 209 2930 A.
239 2895 344 2938 1085,
371 2895 428 2929 25.
457 2895 541 2928 Mai.
643 2895 681 2937 ⁴2)
707 2895 839 2928 Leonis
866 2893 1020 2939 epistula
1045 2893 1091 2926 ad
1119 2894 1221 2928 Rust.
1248 2894 1369 2938 Nan-b„
1398 2894 1593 2927 Hinschius

103 2955 140 2988 p.
166 2943 250 2979 615.
1231 2997 1284 3029 4*
