1878 3308
328 293 396 326 112
587 294 653 326 DE
680 293 891 327 UNITATE
918 293 1190 328 ECCLESIAE
1219 294 1588 329 CONSERVANDA.

326 405 444 461 cipes
484 413 582 448 sunt
616 406 777 462 periuri
806 410 935 462 atque
965 405 1155 460 heretici,
1183 412 1377 463 raptores
1406 414 1535 464 atque
1566 406 1820 460 homicidae,

326 460 474 518 quales
511 476 637 504 nemo
673 462 784 504 iuste
821 463 980 518 poterit
1019 461 1261 517 defendere,
1297 463 1372 505 sed
1401 470 1476 505 aut
1505 464 1719 519 corrigere
1748 470 1823 506 aut

324 517 570 574 reprobare,
611 533 688 574 pro
729 518 808 571 his,
848 519 1038 575 inquam,
1075 517 1226 561 scribit
1262 517 1346 572 ille,
1386 525 1434 561 ut
1470 519 1659 576 periuria
1693 525 1822 576 atque

325 573 570 628 homicidia,
607 575 783 631 rapinas
826 581 956 631 atque
999 574 1198 617 incendia
1234 580 1394 618 statuat
1430 581 1562 632 atque
1600 575 1822 618 confirmet

326 629 450 672 solito
486 645 617 677 more.
676 630 912 674 Sciendum
951 638 1012 674 est
1049 632 1193 684 etiam,
1233 631 1534 698 inquit‚·quia
1573 633 1736 688 quicun
1769 636 1820 674 ue

315 685 574 741 fidelitatem
603 689 758 729 iurant
787 688 991 742 dominis,
1021 702 1110 729 non
1131 689 1289 730 iurant
1319 689 1407 730 nisi
1438 703 1570 744 quam
1599 702 1652 730 eoe
1671 694 1742 731 eat
1775 703 1818 730 o-

151 811 229 845 Εριι.
243 811 270 845 6,
282 811 310 838 ⁵.

229 1034 275 1062 1b.
286 1035 313 1064 6.

124 2217 149 2242 1.
163 2215 246 2243 Sam.
263 2217 311 2244 25.

208 2546 315 2574 Matth-

205 2587 252 2621 24,
265 2586 311 2613 24.

325 742 413 784 lica
452 742 542 798 leye
573 743 723 785 debent
753 743 956 786 dominis.
1015 744 1266 786 Fidelitatis
1304 750 1444 786 autem
1481 743 1616 786 huius
1644 744 1819 787 modum

326 799 584 840 determinat
624 799 845 855 apostolus
882 800 1073 842 scribens
1110 800 1332 855 Ephesiis,
1372 806 1420 842 ut
1458 800 1574 843 servi
1615 799 1821 843 obediant

326 855 515 897 dominis
557 855 813 897 carnalibus
849 857 961 898 sicut
992 855 1175 899 Christo.
1238 855 1367 905 Quod
1407 870 1629 911 emponens
1666 856 1821 899 Hiero-

327 918 510 966 nymus1
539 912 587 953 in
617 917 808 954 tractatu
838 913 1030 955 eiusdem
1053 912 1277 967 epistolae:
1308 912 1532 966 ‘Pulchre',
1563 914 1640 965 ait,
1670 913 1817 968 ‘impe-

327 981 437 1008 rans
477 968 627 1022 servis,
679 974 727 1009 ut
772 968 977 1010 obediant
1015 968 1220 1022 dominis,
1259 969 1420 1011 adiecit
1464 969 1596 1024 quasi
1634 968 1819 1012 Christo.

326 1023 384 1064 Et
420 1024 602 1066 iterum:
655 1024 708 1066 Ut
743 1025 858 1066 servi
890 1023 1052 1067 Cbristi
1077 1024 1300 1080 facientes
1339 1024 1601 1067 voluntatem
1634 1025 1736 1078 Dei,
1773 1030 1822 1066 ut

326 1078 488 1121 scilicet
517 1095 606 1122 non
637 1080 796 1122 audiat
825 1095 974 1122 servus
1004 1080 1226 1123 carnalem
1256 1081 1493 1133 dominum,
1523 1081 1564 1123 si
1592 1081 1821 1123 contraria

325 1135 413 1177 Dei
426 1137 678 1191 praeceptis
697 1135 880 1179 voluerit
907 1137 1141 1191 imperare,
1171 1143 1218 1179 ut
1246 1143 1284 1179 et
1303 1143 1478 1179 servos⁸
1506 1152 1598 1179 non
1617 1137 1822 1179 videatur

327 1197 481 1233 contra
517 1193 716 1234 dominos
752 1193 970 1235 concitare
1009 1198 1048 1234 et
1083 1208 1262 1235 rursum
1301 1207 1579 1249 nequaquam
1622 1193 1849 1236 dominos·

325 1247 475 1290 doceat
515 1248 774 1302 audiendos,
812 1250 854 1291 si
882 1250 1041 1292 vitiosa
1071 1255 1109 1291 et
1147 1250 1349 1305 nefanda
1373 1250 1686 1306 praecipiant'.
1743 1249 1817 1292 E'oe

328 1304 404 1346 hoc
428 1311 665 1360 praecepto
696 1304 885 1360 apostoli
913 1311 951 1347 et
980 1305 1264 1361 explanantis
1294 1321 1390 1348 eum
1410 1305 1672 1362 Hieronymi
1696 1311 1820 1360 patet

326 1360 579 1415 evidentius,
647 1363 738 1414 uia,
776 1377 873 1404 cum
913 1377 1002 1404 non
1047 1361 1228 1404 debeant
1267 1363 1384 1403 servi
1420 1361 1592 1404 obedire
1629 1362 1820 1404 dominis

326 1416 419 1458 nisi
454 1417 566 1458 sicut
598 1376 781 1471 ghristo,
816 1418 867 1459 id
895 1424 954 1459 est
993 1418 1085 1460 nisi
1121 1418 1170 1460 in
1200 1418 1270 1459 bis
1308 1433 1419 1473 quae
1435 1417 1660 1474 facienda
1683 1432 1817 1473 prae-

326 1473 439 1527 cepit
471 1472 682 1527 Clzristus,
721 1475 967 1529 quicunque
997 1475 1244 1530 obsequitur
1282 1476 1343 1516 eis
1380 1475 1429 1515 in
1467 1474 1537 1516 his
1573 1488 1685 1530 quae
1715 1479 1818 1515 sunt

326 1535 480 1570 contra
504 1528 732 1583 Christum,
751 1530 966 1584 fidelitate
993 1531 1042 1572 in
1062 1529 1360 1584 infidelitatem
1381 1529 1581 1584 alterata,
1610 1530 1692 1571 erit
1713 1543 1818 1586 per-

326 1585 466 1626 iurus.
525 1586 597 1626 Eoe
634 1586 815 1628 decretis
856 1585 1021 1628 Soteris
1053 1601 1231 1641 papae:
1276 1585 1346 1629 ‘Si
1385 1585 1557 1643 aliquid
1577 1584 1701 1640 forte
1737 1600 1819 1628 nos

326 1641 552 1682 incautius
581 1642 754 1683 iurasse
784 1643 1026 1698 eontiyerit,
1058 1643 1174 1698 quod
1204 1643 1473 1685 observatum
1503 1642 1699 1698 peiorem
1728 1656 1820 1683 ver-

326 1702 403 1751 9at
440 1697 490 1738 in
527 1699 703 1751 exitum,
740 1696 854 1739 illud
883 1698 1062 1740 consilio
1092 1698 1332 1740 salubriori
1359 1698 1620 1740 mutandum
1649 1698 1818 1740 noveri-

326 1766 435 1805 mus,
468 1767 518 1794 ac
543 1754 700 1809 ma9is,
729 1755 920 1795 instante
939 1755 1206 1807 necessitate,
1228 1754 1559 1810 periurandum
1589 1753 1714 1796 nobis
1744 1759 1818 1808 est,

327 1822 458 1862 quam
483 1810 677 1864 peofecto
706 1810 953 1851 iuramento
982 1812 1026 1851 in
1058 1810 1184 1852 aliud
1214 1825 1375 1852 crimen
1405 1810 1551 1851 maius
1579 1815 1640 1852 est
1678 1809 1819 1852 diver·
1843 1817 1846 1820 ’

326 1864 526 1906 tendum’.
571 1866 827 1908 Ambrosius
853 1867 902 1908 in
931 1865 1042 1908 libro
1064 1865 1361 1921 officiorum2:
1391 1866 1510 1919 ‘Est’,
1542 1867 1619 1920 ait,
1651 1870 1818 1908 ‘contra

327 1918 521 1974 officium
541 1936 860 1977 nonnunquam
875 1924 1142 1977 promissum
1162 1921 1334 1975 solvere,
1350 1927 1670 1965 sacramentum
1687 1928 1820 1964 custo-

326 1976 435 2028 dire,
481 1983 528 2017 ut
571 1977 779 2031 Herodes,
824 1979 901 2033 qui
942 1979 1120 2031 iuravit,
1164 1979 1372 2033 quoniam
1408 1978 1620 2034 quicquid
1654 1979 1819 2034 petitus

326 2039 431 2073 esset
460 2033 586 2074 daret
610 2033 739 2087 filiae
769 2034 1056 2087 Herodiadis,
1095 2040 1134 2076 et
1168 2049 1310 2076 necem
1340 2034 1556 2076 Iohannis
1579 2035 1817 2090 praestitit,

326 2102 379 2128 ne
410 2090 681 2144 promissum
718 2092 923 2146 neqaret’.
984 2091 1105 2132 Haec
1144 2091 1196 2132 de
1232 2091 1507 2143 iuramentis,
1541 2090 1692 2146 inquit,
1721 2090 1818 2132 ideo
1876 2131 1878 2134 .

325 2144 564 2198 intulimus,
611 2147 818 2202 quoniam
862 2161 942 2188 nos
978 2147 1281 2201 periuriorum
1330 2147 1570 2189 hortatores
1619 2152 1820 2189 autumat

335 2200 588 2255 WiqbertuS.
650 2203 823 2243 Iuravit
861 2204 989 2244 etiam
1029 2203 1182 2245 David
1221 2218 1306 2258 per
1343 2203 1583 2245 Dominum
1627 2203 1818 2245 occidere

327 2256 475 2298 Nabal
495 2259 638 2299 virum
667 2258 844 2300 stultum
874 2265 912 2301 et
930 2260 1114 2313 impium
1147 2265 1274 2314 atque
1297 2261 1444 2301 omnia
1473 2273 1585 2314 quae
1616 2258 1676 2300 ad
1694 2258 1819 2300 illum

323 2314 593 2365 pertinerent
637 2314 849 2367 demoliri,
892 2316 967 2356 sed
1005 2315 1065 2357 ad
1095 2316 1292 2370 primam
1327 2316 1675 2357 intercessionem
1713 2314 1817 2356 Abi-

327 2368 451 2421 ‚qahil
457 2368 658 2424 feminae
672 2370 910 2425 prudentis
938 2385 1039 2413 mox
1058 2372 1224 2413 remisit
1253 2371 1412 2424 minas,
1441 2370 1659 2412 revocavit
1677 2384 1818 2412 ensem

328 2425 376 2464 in
405 2427 617 2480 vaginam
647 2442 772 2468 suam
801 2441 877 2468 nee
906 2426 1079 2482 aliquid
1107 2425 1265 2481 culpae
1301 2441 1343 2468 se
1376 2425 1460 2467 tali
1475 2427 1687 2522 ¹periurio
1717 2441 1815 2468 con-

327 2481 515 2522 traoeisse
556 2481 706 2523 doluit.
766 2482 850 2524 Per
886 2482 991 2524 haec
1032 2483 1104 2537 qui
1139 2496 1192 2536 pe
1220 2482 1355 2523 verba
1382 2481 1473 2523 nihi

1517 2480 1634 2522 aliud
1663 2482 1818 2538 agitur,
1864 2493 1875 2526 J

328 2535 410 2576 nisi
438 2542 486 2578 ut
505 2537 611 2579 fides
632 2537 885 2591 destruatur,
917 2545 959 2580 et
978 2543 1024 2580 ut
1044 2553 1087 2579 se
1121 2543 1314 2590 ucantur,
1345 2537 1380 2578 si
1401 2537 1493 2579 fieri
1513 2542 1667 2593 potest,
1688 2538 1818 2580 etiam
1863 2535 1873 2570 ἶ

327 2589 462 2644 electi,
494 2598 541 2633 ut
570 2594 654 2635 sint
682 2594 867 2649 periuri3
897 2594 1019 2635 iuxta
1048 2592 1163 2650 quod
1192 2593 1319 2635 etiam
1350 2599 1448 2635 sunt
1476 2593 1654 2637 heretici
1689 2599 1820 2650 atque

328 2647 572 2701 scismatici,
604 2650 846 2705 quicunque
876 2649 1092 2691 declinant
1121 2655 1218 2705 post
1247 2664 1319 2691 eos
1389 2650 1434 2691 ui
1469 2656 1568 2692 sunt
1605 2649 1817 2691 eiusmodi
1863 2698 1866 2706 ζ

327 2702 473 2759 quales
504 2711 782 2760 susceperunt
810 2705 1037 2748 defendere
1067 2707 1133 2747 sui
1162 2712 1327 2760 partem
1400 2706 1572 2762 regor-ii.
1622 2705 1748 2748 Unde
1777 2710 1820 2748 et

327 2806 358 2841 a)
380 2807 508 2834 servitia
529 2807 607 2833 Hier.

1855 2791 1878 2813 ,ᾗ

1858 2814 1876 2838 ἓν

331 2885 365 2926 1)
400 2885 547 2918 Hieron.
575 2885 642 2927 Ep.
678 2884 723 2917 ad
749 2884 843 2927 Eph.
875 2884 937 2918 lib.
964 2884 1034 2924 111,
1070 2885 1190 2927 opera
1223 2884 1279 2916 ed.
1307 2883 1461 2917 Vanam.
1488 2883 1573 2926 v11,
1604 2883 1635 2924 1,
1667 2894 1702 2926 p.
1731 2867 1817 2915 668ss
1842 2883 1878 2909 τ’

328 2933 367 2976 2)
394 2934 573 2967 Ambrosii
600 2935 718 2977 Opera
749 2933 805 2967 ed.
829 2934 916 2966 Ben.
955 2934 1067 2966 Paris.
1097 2933 1204 2966 1690.
1243 2933 1293 2974 ΙΙ,
1320 2944 1353 2976 p.
1382 2932 1439 2966 68.
