1878 3308
96 866 122 893 1.
133 867 215 894 Petr.
228 869 255 903 5,
268 868 295 895 ⁷.

176 911 202 936 1.
213 909 292 935 Tim.

170 950 197 983 2,
210 949 237 976 9.
250 950 295 976 10.

125 1658 199 1687 Bar.
211 1657 238 1691 3,
251 1656 298 1684 13.

97 1825 300 1860 tuaac-28.

105 2379 246 2414 l.10h.2,
260 2379 305 2406 19.

311 300 379 333 116
552 301 618 334 DE
645 300 854 335 UNITATE
882 299 1155 334 ECCLESIAE
1183 299 1553 335 CONSERVANDA.

307 412 422 466 dam,
449 413 676 455 fautricem
701 412 974 455 Hildebranti
1029 426 1156 468 apae3
1188 412 1310 454 cuius
1331 411 1492 456 scilicet
1512 413 1685 456 secretis
1715 427 1800 455 ser-

306 470 505 512 monibus
553 469 804 523 assuefacta,
858 483 911 510 ne
961 427 1102 510 &phua
1145 468 1319 525 quidem
1373 474 1514 525 potest
1570 470 1801 526 compesci,

307 524 586 568 muliebribus
625 525 747 567 furiis
777 526 990 579 instincta,
1035 531 1083 567 ut
1124 538 1275 580 pacem
1316 539 1444 581 quam
1487 524 1647 569 bellum
1681 525 1803 568 malit

306 589 351 624 et
379 588 427 624 ut
454 581 582 624 rebus
612 583 699 624 suis
737 582 824 624 iam
854 596 990 638 usque
1029 581 1084 623 ad
1115 580 1310 630 ultimum
1350 595 1459 637 pene
1499 582 1802 624 exterminium

306 638 526 694 dissipatis
547 638 768 680 consulere
789 637 904 691 velit,
930 651 1027 679 cum
1047 638 1377 702 hactenus-ipsa
1397 637 1526 680 fuerit
1544 653 1647 695 prae
1682 636 1809 681 otens>

308 693 480 747 divitiis,
510 701 658 750 utpote
687 693 775 736 filia
800 693 1012 736 Bonifacii
1041 693 1312 736 marchioms.
1357 693 1509 751 Neque
1527 708 1630 737 vero
1688 700 1802 737 etrus

308 751 398 793 sive
426 749 588 793 Paulus
618 751 858 793 doctrinam
888 751 1171 794 contentionis
1201 749 1470 793 dictaverunt
1499 763 1597 792 cum
1618 749 1802 794 mulieri-

309 805 405 860 bus,
435 806 512 848 sed
539 821 649 848 unus
678 807 896 863 praecepit
924 807 1141 849 infirmum
1161 820 1239 847 vas
1260 805 1469 849 muliebre
1489 813 1651 849 castam
1681 820 1803 848 suam

311 864 678 906 conversationem
707 863 753 904 in
782 863 932 905 timore
962 862 1261 919 consyderare,
1295 862 1402 905 alter
1422 877 1527 905 vero
1557 861 1685 906 docet
1712 877 1804 905 mu-

310 918 435 961 lieres
465 934 510 962 se
541 934 691 961 ornare
722 933 819 961 cum
839 919 1099 961 verecundia
1128 925 1171 960 et
1199 919 1441 972 sobrietate,
1472 925 1514 962 et
1542 919 1659 976 quod
1681 919 1805 962 decet

311 975 510 1018 mulieres
540 976 744 1032 pietatem
773 990 852 1032 per
880 974 994 1018 bona
1025 990 1156 1032 opera
1184 976 1444 1032 promittere.
1504 975 1631 1018 Nunc
1659 982 1802 1018 autem

309 1032 432 1074 aliter
478 1031 659 1074 Mathild
702 1031 775 1074 illa
813 1031 1010 1074 instituta
1046 1038 1144 1088 post
1183 1038 1380 1073 octavum
1421 1046 1592 1091 quoque
1629 1045 1804 1084 annum,

309 1103 395 1145 quo
426 1088 649 1130 defunctus
678 1094 745 1130 est
773 1087 1032 1131 Hildebrant
1059 1086 1279 1129 familiaris
1309 1088 1439 1142 eius¹,
1481 1086 1670 1131 defendit
1709 1102 1804 1144 pro-

309 1145 484 1187 nissime
521 1150 670 1187 contra
713 1143 858 1186 sedem
900 1144 1181 1201 apostolicam
1225 1152 1268 1186 et
1311 1152 1460 1187 contra
1501 1145 1804 1201 imperatorem

310 1207 476 1258 partem
511 1201 661 1258 ipsius,
707 1201 782 1258 qui
820 1208 996 1257 propter
1031 1200 1231 1256 frequens
1277 1214 1376 1242 cum
1419 1214 1470 1242 ea
1513 1207 1556 1244 et
1597 1199 1805 1242 familiare

311 1256 571 1313 colloquium
623 1257 848 1313 generavit
891 1256 1087 1314 plurimis
1134 1264 1339 1298 scaevae²
1390 1257 1643 1313 suspicionis
1687 1270 1806 1298 scan-

311 1313 470 1367 dalum‚
509 1313 611 1356 dum
650 1328 738 1355 non
778 1312 1022 1356 observavit
1059 1313 1260 1356 attentius
1301 1313 1496 1355 divinum
1538 1312 1643 1355 illud
1682 1312 1805 1354 Lucii

312 1376 478 1426 papae⁸
523 1369 793 1412 mandatum:
836 1380 920 1414 Duo
960 1379 1172 1423 presbyteri,
1215 1369 1366 1424 inquit,
1411 1384 1444 1413 et
1481 1385 1550 1414 tren
1588 1379 1730 1413 diaconi
1766 1378 1806 1412 in

312 1429 408 1464 omni
442 1430 514 1464 loco
551 1442 624 1464 non
661 1431 827 1464 deserant
861 1429 1061 1473 episcopum
1092 1434 1242 1473 propter
1275 1428 1508 1463 testimonium
1538 1427 1668 1462 scilicet
1701 1428 1805 1461 eccle-

312 1485 504 1520 siaeticum.
577 1476 728 1518 Posuit
780 1481 924 1517 autem
981 1473 1237 1517 Hildebrant
1290 1481 1484 1532 partem*¹
1537 1488 1659 1515 suam
1707 1486 1807 1514 cum

312 1530 385 1572 illa
413 1530 590 1574 muliere
619 1532 779 1586 rixosa,
808 1537 856 1572 ut
884 1546 962 1587 per
989 1530 1103 1573 hunc
1133 1545 1304 1587 quoque
1342 1545 1494 1573 sexum
1532 1535 1807 1587 oppugnetur

313 1586 383 1628 vel
411 1586 593 1630 ecclesia
621 1587 690 1631 vel
726 1603 795 1630 res
823 1587 1010 1644 publica.
1072 1587 1159 1629 Sed
1195 1586 1352 1629 dicitur
1380 1587 1420 1630 ci
1456 1601 1483 1628 a
1510 1586 1700 1628 Domino
1729 1600 1807 1641 per

314 1642 579 1686 Hieremiam
599 1643 865 1701 prophetam,
887 1644 1007 1700 quia:
1039 1642 1092 1685 Si
1111 1644 1159 1684 in
1180 1644 1255 1685 via
1275 1644 1363 1685 Dei
1383 1642 1662 1696 ambulasses,
1686 1642 1806 1684 habi-

314 1706 449 1741 casses
490 1703 636 1756 utique
676 1703 724 1742 in
754 1715 868 1756 pace
907 1715 1041 1755 super
1075 1706 1251 1741 terram.
1307 1699 1366 1742 Et
1400 1699 1556 1741 iterum
1594 1697 1648 1740 de
1708 1698 1805 1740 arti-

314 1756 483 1811 cipibus
522 1756 713 1798 eiusdem
751 1754 1042 1807 Hildebranti,
1086 1755 1196 1796 inter
1232 1769 1339 1811 quos
1380 1755 1510 1797 etiam
1545 1760 1644 1796 sunt
1724 1761 1807 1796 ort-

316 1813 474 1865 manni,
504 1811 699 1855 homines
729 1811 1031 1855 crudelissimi:
1062 1811 1272 1864 Fuerunt,
1310 1812 1462 1868 inquit,
1493 1812 1710 1854 nominati
1738 1810 1807 1852 illi
1843 1818 1845 1820 '

316 1870 491 1911 scientes
513 1869 679 1922 bellum,
709 1868 887 1925 ideoque
917 1884 1005 1910 non
1033 1868 1110 1910 hos
1130 1867 1256 1924 eleyit
1274 1868 1504 1921 Dominus,
1533 1881 1670 1922 neque
1690 1868 1808 1909 viam

317 1925 581 1981 disciplinae
601 1926 885 1979 invenerunt;
910 1939 996 1980 pro
1031 1931 1161 1977 terea,
1182 1924 1254 1976 ait,
1270 1926 1530 1979 perierunt(
1550 1923 1673 1966 Sicut
1692 1923 1807 1965 enim

317 1995 447 2037 supra
466 1980 627 2023 dictum
648 1988 724 2036 est,
754 1981 992 2023 nominatii
1027 1980 1036 1988 “
1058 1980 1274 2036 principes
1294 1981 1430 2037 regni,
1457 1979 1589 2021 immo
1620 1979 1808 2022 destruc-

315 2043 428 2079 tores
470 2039 591 2093 regni
625 2038 843 2095 perierunt
884 2051 996 2079 anno
1029 2037 1151 2079 1090.
1193 2035 1247 2078 ab
1284 2037 1577 2079 incarnatione
1616 2035 1806 2078 Domini.

317 2094 403 2135 Hic
450 2109 587 2136 annus
632 2094 812 2150 insignis
858 2108 943 2150 quo
975 2108 1030 2136 ue
1069 2098 1132 2134 est
1174 2099 1311 2136 morte
1354 2091 1635 2135 Adelberonis
1677 2097 1807 2148 atque

317 2149 570 2192 Herimanni
609 2151 924 2207 episcoporum,
947 2109 1013 2191 (lle
1052 2149 1207 2205 quibus
1247 2148 1412 2191 dictum
1450 2155 1514 2190 est
1543 2155 1712 2214 supra⁴,
1754 2147 1807 2190 de

318 2205 474 2263 quibus
517 2207 644 2248 etiam
692 2206 841 2249 scribit
883 2212 1053 2248 sanctus
1098 2205 1188 2246 Leo
1237 2213 1398 2261 papa⁵:
1453 2215 1550 2256 Nos,
1595 2205 1807 2261 mquiens,

318 2265 444 2309 quibus
486 2266 682 2301 viventibus
723 2279 795 2300 non
833 2265 1175 2307 communicavimus,
1219 2266 1324 2299 etiam
1365 2263 1514 2299 mortuis
1551 2264 1806 2299 communicare

319 2333 390 2354 non
422 2333 622 2364 possumus.
689 2312 781 2368 Ipsi
831 2311 1005 2367 quidem
1055 2312 1252 2352 exierunt
1304 2325 1360 2353 ex
1407 2308 1549 2361 nobis,
1593 2325 1679 2352 non
1729 2324 1807 2351 nos

321 2381 377 2408 ex
423 2366 527 2421 illis,
564 2367 640 2409 sed
684 2383 771 2410 non
817 2373 935 2410 erant
976 2381 1032 2408 ex
1074 2365 1220 2420 nobis,
1266 2366 1388 2423 quia,
1438 2367 1480 2407 si
1507 2363 1708 2420 fuissent
1754 2380 1808 2406 eoe

322 2422 466 2476 nobis,
507 2426 855 2479 permansissent
896 2425 1043 2479 utique
1090 2422 1331 2475 nobiscum,
1376 2422 1486 2464 sicut
1529 2419 1685 2464 dicitur
1731 2436 1810 2486 per

321 2477 554 2521 Iohannem
597 2479 851 2535 apostolum.
918 2478 1044 2521 Unde
1089 2484 1131 2519 et
1174 2477 1417 2534 Cyprianus
1460 2477 1717 2534 episcopus⁶
1762 2493 1808 2519 111
1871 2494 1874 2496 ’

319 2532 428 2575 libro
459 2535 511 2576 de
540 2535 815 2577 mortalitate:
851 2545 982 2586 Talem,
1008 2534 1157 2590 inquit,
1189 2549 1220 2576 te
1245 2543 1381 2578 iudicat
1400 2543 1589 2586 Dominus,
1615 2545 1754 2588 qualem
1775 2550 1807 2578 te
1875 2570 1878 2576 .

320 2599 463 2640 invenit,
492 2611 568 2633 cum
593 2607 705 2634 vocat.
750 2600 922 2634 Unitatem
947 2600 1049 2642 enim,
1083 2590 1184 2642 ait-1,
1214 2600 1276 2642 qui
1308 2611 1378 2633 non
1406 2605 1505 2641 tenet,
1531 2612 1604 2633 non
1630 2599 1749 2633 Patris
1775 2605 1807 2634 et

323 2679 352 2714 a)
374 2689 405 2713 p.
429 2687 498 2706 cum
519 2681 578 2706 illa
599 2687 686 2706 suam
710 2682 735 2706 1.

325 2746 360 2787 1)
380 2745 433 2777 Ex
450 2745 504 2778 his
518 2745 635 2777 verbis
655 2744 777 2787 colligi
795 2748 921 2787 potest,
937 2745 1029 2777 haec
1047 2755 1080 2777 a.
1099 2744 1203 2776 1093.
1224 2745 1357 2787 scripta
1374 2754 1464 2777 esse.
1531 2742 1570 2786 2)
1587 2744 1610 2777 i.
1627 2755 1659 2777 e.
1678 2745 1808 2778 ‘Nach-

322 2794 412 2827 theil
436 2793 632 2836 bringend'‚
660 2804 730 2831 non
756 2791 932 2827 ‘thoricht’
959 2797 998 2832 ut
1015 2793 1175 2826 Schober
1200 2794 1236 2825 in
1256 2793 1494 2836 disputatione
1521 2792 1714 2826 ‘Vorwiirfe
1735 2793 1808 2827 und

324 2843 513 2885 Anklagen
547 2853 664 2885 gegen
699 2843 836 2885 Gregor
858 2842 940 2876 VII.
976 2853 1039 2875 aus
1074 2842 1142 2875 den
1170 2842 1349 2875 Schriften
1382 2843 1499 2875 seiner
1528 2841 1815 2886 Zeitgenossen’‚-

323 2893 500 2925 Nordhus.
521 2891 626 2932 1873,
653 2903 688 2935 p.
713 2893 747 2924 4.
773 2891 858 2926 vult.
934 2890 973 2934 3)
1000 2892 1195 2924 Hinschius
1221 2891 1250 2924 1.
1273 2902 1303 2924 c.
1331 2903 1364 2934 p.
1383 2890 1464 2923 175.
1541 2891 1581 2933 4)
1608 2892 1650 2925 C.
1669 2891 1727 2924 29.
1747 2891 1806 2926 30.
1849 2903 1866 2907 ·’

326 2942 362 2983 5)
390 2942 583 2974 Hinschius
601 2940 626 2975 l.
646 2951 676 2974 c.
696 2953 730 2984 p.
744 2940 826 2973 617.
903 2939 940 2985 6)
969 2940 1138 2984 Cypriani
1157 2941 1276 2984 Opera
1294 2952 1328 2984 p.
1349 2939 1430 2974 308.
1508 2939 1545 2983 7)
1564 2941 1658 2974 Ibid.
1672 2953 1707 2985 p.
1723 2941 1806 2974 215.

1844 2884 1873 2895 l
