1878 3308
283 283 329 316 92
546 282 612 315 DE
639 281 851 315 UNITATE
878 279 1152 313 EOOLESIAE
1181 278 1550 313 CONSERVANDA.

282 395 464 436 nutriret
477 401 489 424 ¹
511 394 648 450 ipsius
669 391 868 435 incendia
887 390 1160 434 Hildebranti
1180 391 1265 433 iam
1288 390 1362 432 diu
1383 390 1574 433 defuncti
1586 398 1615 444 ²,
1644 391 1788 447 primo

285 450 459 507 quidem
489 464 568 506 per
587 448 851 491 clandestina
871 446 1099 504 colloquia,
1129 445 1284 489 deinde
1311 461 1389 502 per
1409 452 1629 489 contracta
1654 447 1789 490 unde·

285 521 455 563 cunque
485 511 655 562 poterat
683 503 983 547 conventicula
1013 517 1254 545 sermonem
1282 501 1425 545 intulit
1453 502 1507 546 de
1535 517 1784 546 excommu-

283 563 498 605 nicatione
527 563 586 604 im
621 560 812 614 cratoris,
843 559 896 603 de
917 560 1088 613 iniusta,
1119 565 1167 602 ut
1185 559 1277 615 ipse
1298 557 1484 613 dicebat,
1512 560 1787 602 successione

285 618 503 675 Wigberti
548 633 574 659 a
648 616 943 674 pontificatum
988 614 1248 672 apostolicae
1293 613 1428 670 sedis3
1471 614 1595 658 valde
1638 622 1784 658 autem

283 673 572 733 periculosum
615 674 706 716 fore
751 687 850 715 cum
898 671 1109 715 eiusmodi
1152 670 1395 714 hominibus
1437 671 1785 714 communionem

284 731 472 788 aliquam
511 729 691 783 habere3
728 730 786 771 im
821 728 979 771 eratori
1014 742 1116 770 vero
1155 727 1410 784 promissam
1450 726 1580 769 fidem
1617 733 1661 770 et
1687 741 1784 784 pro-

284 788 464 830 missum
503 786 724 828 servitium
763 744 946 828 libenter
983 798 1249 838 conservare,
1289 783 1325 824 si
1354 782 1457 825 velit
1515 782 1656 826 ublice
1686 797 1784 826 con-

286 843 411 896 fiteri,
442 858 487 885 se
517 840 690 884 vinculo
721 841 1003 883 anathematis
1032 839 1212 895 ligatum
1244 853 1338 881 esse
1368 845 1410 881 et
1437 840 1482 881 in
1515 854 1539 881 e
1568 838 1678 882 solvi
1707 853 1788 896 per

285 900 518 957 participes
547 899 615 940 sui
645 897 845 954 Gregorii
873 911 1026 962 papae,
1056 897 1092 938 si
1123 896 1251 938 etiam
1279 894 1383 937 velit
1411 895 1686 960 Wigbertum
1714 893 1787 938 de·
1829 943 1832 945 ,

287 970 470 1014 ponere3
509 953 700 1011 alioquin
740 969 785 997 se
822 959 1054 1010 poenitere,
1132 951 1216 994 uod
1257 951 1324 994 vel
1363 952 1524 993 vident
1566 951 1787 994 hominem

287 1012 722 1064 excommunicatum,
753 1010 820 1051 cui
850 1023 1070 1066 nunquam
1100 967 1255 1050 debeat
1281 1008 1600 1050 communicare
1630 1006 1787 1064 aliquis

286 1067 488 1110 fidelium.
532 1067 655 1109 Haec
685 1066 857 1123 saepius
878 1064 1154 1107 memorando
1185 1062 1445 1106 sollicitabat
1472 1065 1638 1106 animos
1657 1063 1787 1120 pluri-

286 1139 470 1177 morum,
509 1137 606 1164 cum
650 1123 736 1164 iam
779 1128 925 1178 posset
967 1121 1059 1163 fieri
1104 1134 1193 1176 pax
1238 1119 1528 1174 eeclesiarum,
1569 1119 1653 1162 nisi
1691 1120 1787 1176 ipse

287 1180 474 1236 Hartvig
518 1180 641 1221 iuxta
682 1193 839 1221 nomen
879 1191 1004 1219 suum
1044 1175 1200 1218 durum
1239 1177 1292 1218 iis
1329 1181 1579 1218 renovasset
1614 1174 1787 1219 bellum.

287 1236 407 1292 Ergo
428 1235 602 1292 plurimi
622 1235 751 1277 etiam
771 1235 1086 1290 episcoporum,
1117 1233 1191 1289 qui
1221 1231 1529 1275 damnaverant
1557 1232 1602 1274 in
1621 1230 1788 1288 synodo

289 1292 475 1334 eundem
518 1291 780 1346 Hartvigum
824 1296 867 1332 et
908 1292 954 1332 in
996 1288 1270 1331 damnatione
1315 1289 1405 1330 eius
1448 1287 1790 1344 subscripserant

287 1349 411 1391 iuxta
432 1346 692 1405 apostolicae
722 1346 836 1390 sedis
865 1345 1099 1398 decretum,
1127 1345 1213 1401 ipsi
1240 1358 1328 1386 non
1357 1343 1497 1387 solum
1524 1345 1571 1386 in
1600 1357 1790 1386 commu-

288 1405 462 1447 nionem
499 1418 598 1446 eum
637 1404 802 1460 absque
844 1400 1041 1458 synodali
1080 1400 1361 1443 conventione
1404 1405 1673 1458 receperunt,
1711 1398 1788 1442 sed

289 1462 418 1503 etiam
462 1459 595 1516 aliqui
638 1474 789 1502 eorum
832 1465 981 1501 contra
1022 1458 1324 1514 imperatorem
1374 1456 1498 1499 simul
1547 1463 1590 1500 et
1638 1461 1790 1498 contra

290 1517 435 1559 sedem
466 1515 746 1572 apostolicam
777 1529 877 1557 cum
907 1529 956 1557 eo
978 1514 1342 1570 conspiraverunt,
1371 1520 1420 1556 ut
1447 1514 1534 1556 iam
1564 1527 1619 1555 ex
1648 1511 1789 1555 multi-

289 1573 438 1615 tudine
475 1571 859 1628 praevaricationis
896 1569 1065 1613 illorum
1096 1570 1170 1626 qui
1199 1569 1412 1611 eiusmodi
1442 1575 1541 1612 sunt
1568 1569 1789 1626 episcopo-

289 1644 386 1671 rum
428 1628 659 1671 iustificata
702 1625 1021 1684 quodammodo
1069 1624 1269 1667 videatur
1311 1625 1463 1668 levitas
1508 1625 1789 1677 Graecorum,

292 1695 391 1738 apud
433 1706 540 1738 quos,
589 1684 701 1726 sicut
749 1682 948 1726 Gelasius
993 1694 1108 1738 papa
1156 1681 1308 1723 scribit
1319 1688 1350 1734 ³,
1385 1690 1513 1735 facilis
1551 1694 1584 1724 et
1624 1689 1789 1733 inculpa-

292 1743 371 1777 bilis
402 1749 556 1786 putatur
594 1754 666 1777 esse
698 1742 894 1786 permistio,
930 1741 1024 1785 quod
1063 1741 1162 1783 apud
1200 1752 1256 1774 eos
1294 1740 1398 1774 nulla
1434 1740 1480 1774 sit
1515 1739 1594 1774 veri
1625 1739 1791 1783 falsique

292 1791 476 1834 discretio,
517 1798 549 1825 et
585 1803 662 1825 cum
700 1791 809 1825 velint
847 1791 1008 1825 omnibus
1045 1788 1204 1832 reprobis
1243 1800 1315 1822 esse
1354 1799 1571 1829 communes,
1607 1800 1646 1822 m
1683 1787 1789 1822 nulla
1849 1801 1851 1803 ·

290 1851 529 1880 monstrentur
548 1846 726 1889 probitate
753 1845 938 1880 consistere
948 1850 977 1880 θ.
1027 1834 1143 1876 Hine
1173 1834 1460 1876 hereticorum
1489 1832 1617 1876 simul
1646 1831 1789 1875 catho-

290 1892 558 1948 licorumque
597 1891 864 1933 confessione
902 1891 1107 1947 permista
1142 1895 1296 1932 cuneta
1335 1903 1465 1932 verae
1501 1895 1544 1932 et
1580 1902 1789 1945 syncerae

290 1947 510 2046 religionis
541 1946 781 2000 turbantur,
813 1947 1107 2002 catholicaque
1144 1951 1186 1988 et
1221 1945 1460 2011 apostolica
1492 1945 1656 2002 puritas
1691 1958 1790 1987 con-

291 2004 365 2046 fun
399 2005 496 2046 itur.
556 2002 804 2046 Gelasius⁴z
841 2011 914 2047 Aut
943 2010 1118 2054 catholici,
1146 2002 1299 2058 inqult,
1335 2016 1397 2046 aut
1426 2011 1568 2046 heretici
1596 2016 1710 2053 erant,
1745 2010 1791 2044 de

294 2064 420 2108 quibus
454 2065 519 2098 illa
544 2062 683 2107 passim
712 2062 901 2096 latrocinia
931 2062 1142 2095 detestanda
1176 2062 1390 2096 saeviebant.
1423 2059 1465 2094 Si
1489 2059 1643 2101 heretici,
1662 2058 1788 2103 prodi,

293 2113 423 2147 discuti
440 2118 471 2147 et
489 2112 638 2158 legitime
657 2111 815 2146 convinci
831 2109 944 2144 modis
971 2109 1132 2144 omnibus
1149 2111 1355 2152 debuerant,
1381 2111 1437 2143 vel
1461 2109 1534 2144 suis
1561 2107 1788 2152 confessioni·

294 2167 358 2200 bue
384 2168 440 2201 vel
464 2166 617 2201 aliorum
641 2165 784 2201 vocibus
809 2165 1000 2210 confutari.
1053 2154 1141 2198 Sed
1162 2155 1371 2198 mirentur
1389 2154 1476 2208 alii,
1505 2153 1621 2211 quod
1642 2153 1695 2196 de
1715 2151 1788 2195 illo

104 2229 156 2256 ns.
171 2230 217 2263 14,
232 2230 279 2256 16.
294 2226 379 2269 quo
412 2226 465 2254 ue
487 2212 701 2267 Hartvigo
728 2226 828 2254 vere
853 2210 1087 2253 secundum
1111 2210 1279 2254 literam
1306 2211 1443 2268 possit
1471 2208 1654 2266 intelligi
1682 2209 1790 2252 haec

131 2269 239 2296 ¹2²⁰·
292 2284 370 2325 per
446 2268 605 2310 esaiam
633 2267 888 2323 prophetam
919 2267 1126 2310 sententia
1154 2267 1350 2310 Domini:
1380 2266 1611 2323 Numquid
1628 2267 1708 2308 iste
1728 2271 1789 2306 est

292 2326 374 2378 vir,
406 2325 484 2381 qui
507 2324 780 2366 conturbavit
799 2330 973 2376 terram,
1005 2325 1079 2379 qui
1107 2325 1325 2366 concussit
1353 2337 1400 2364 re
1433 2338 1507 2375 na,
1539 2323 1616 2378 qui
1637 2322 1789 2376 posuit

295 2381 434 2422 orbem
474 2380 687 2422 desertum
727 2386 766 2421 et
795 2379 921 2421 urbes
951 2380 1044 2420 eius
1074 2378 1314 2434 destruit-it?
1410 2394 1440 2420 u
1470 2379 1598 2430 enim,
1637 2377 1788 2433 inquit,

293 2442 456 2478 terram
475 2442 597 2478 tuam
617 2435 939 2491 disperdidisti,
960 2441 1006 2476 tu
1024 2435 1239 2490 populum
1257 2441 1380 2476 tuum
1401 2433 1610 2476 occidisti.
1651 2432 1786 2487 Haec,

293 2492 484 2547 inquam,
519 2493 728 2533 mirentur
756 2489 829 2532 alii
866 2490 910 2530 in
939 2489 1020 2531 hoc
1056 2490 1109 2531 de
1140 2504 1223 2546 quo
1252 2504 1367 2531 nune
1395 2490 1536 2546 agitur
1564 2489 1672 2541 viro,
1709 2502 1787 2530 nos

292 2554 435 2590 autem
475 2548 681 2589 miramur
713 2547 757 2587 in
790 2545 875 2599 illo,
916 2545 1031 2602 quod
1067 2551 1155 2587 tam
1194 2546 1346 2588 stultus
1384 2552 1530 2601 pastor
1557 2545 1698 2602 potuit
1725 2550 1790 2587 tot

294 2602 533 2645 sacerdotes
563 2609 605 2645 et
636 2609 799 2645 tantum
828 2600 1037 2658 populum
1065 2609 1165 2658 post
1194 2616 1238 2644 se
1268 2603 1311 2644 in
1341 2601 1577 2658 perniciem
1605 2600 1787 2654 trahere,

293 2747 324 2782 a)
347 2751 488 2775 constare
509 2748 568 2775 Gcl.

296 2881 331 2922 1)
357 2880 411 2912 Ne
439 2879 483 2912 de
510 2879 579 2912 hac
607 2878 749 2921 quidem
777 2888 815 2911 re
841 2877 903 2910 alii
929 2878 1121 2921 scriptores
1148 2878 1341 2921 quicquam
1368 2876 1524 2910 tradunt.
1625 2873 1663 2917 2)
1690 2874 1789 2908 Obiit

294 2939 327 2962 a.
349 2928 455 2970 1085,
481 2929 556 2961 Mai
582 2927 640 2961 25.
742 2926 782 2970 3)
810 2926 864 2959 Cf.
890 2926 994 2960 Thiel
1020 2938 1055 2971 p.
1083 2926 1166 2960 435.
1269 2925 1307 2969 4)
1335 2926 1529 2959 Hinschius
1555 2936 1591 2969 p.
1620 2923 1702 2956 648.
