1878 3308
336 292 404 325 DE
429 290 639 326 UNITATE
668 289 934 324 ECCLESIAE
962 287 1329 323 CONSERVANDA.
1533 286 1577 319 29

91 406 341 452 imperarunt·
366 411 398 442 et
421 407 634 450 imperantes
651 406 749 450 filios
775 411 882 439 morte
901 404 1052 448 placida
1076 403 1293 446 reliquerunt
1323 409 1355 437 et
1381 403 1493 437 hostes
1527 405 1579 437 rei

85 456 253 501 publicae
269 456 479 490 domuerunt
504 461 536 490 et
560 454 719 488 inimicos
744 453 834 488 cives
853 455 1023 488 adversus
1047 464 1084 487 se
1108 452 1328 497 insurgentes
1355 458 1386 486 et
1407 464 1529 486 cavere
1548 459 1579 487 et

93 505 288 550 offrimere
307 509 511 549 potuerunt,
537 505 598 538 sed
613 503 741 548 felices
766 514 823 537 eos
849 501 1009 544 dicimus,
1042 502 1073 536 si
1098 502 1186 535 iuste
1211 502 1396 545 imperant,
1431 500 1463 535 si
1488 502 1579 535 inter

92 554 236 600 linguas
268 554 463 588 sublimiter
489 553 738 587 honorantium
763 556 795 586 et
819 552 984 595 obsequia
1008 549 1112 584 nimis
1138 549 1314 584 humiliter
1345 550 1579 585 salutantium
1632 589 1634 591 ,

91 614 164 638 non
187 600 440 646 extolluntur-b,
465 603 526 636 sed
551 614 587 636 se
612 602 766 636 homines
792 612 864 635 esse
887 600 1116 634 meminerunt
1127 603 1155 640 0,
1188 599 1219 632 ei
1250 611 1353 632 suam
1372 605 1578 643 potestatem

93 651 143 687 ad
165 651 238 687 Dei
268 652 399 686 cultum
431 652 584 685 maxime
617 650 841 685 dilatandum
874 649 1051 684 maiestati
1076 648 1151 683 eius
1165 649 1348 693 famulam
1363 649 1522 692 faciunt,
1549 648 1580 682 si

91 699 208 736 Deum
238 700 368 743 timent,
401 700 433 734 si
462 700 624 745 diligunt,
656 700 784 740 colunt,
815 698 847 732 si
865 698 951 742 plus
977 703 1100 731 amant
1123 697 1216 731 illud
1239 709 1396 742 reqnum,
1422 698 1484 731 ubi
1507 710 1579 732 non

91 749 212 785 tinem
235 750 364 784 habere
389 755 574 791 consortes,
599 748 632 782 si
655 748 794 782 tardius
819 747 1013 788 vindicant,
1031 747 1146 790 facile
1163 747 1358 791 ignoscunt,
1384 746 1416 780 si
1433 747 1579 781 eandem

91 797 285 834 vindictam
305 810 374 842 pro
399 798 601 832 necessitate
618 797 791 842 regendae
808 796 1028 839 tuendaeque
1045 795 1097 830 rei
1109 795 1284 840 publicae,
1312 807 1382 830 non
1394 808 1463 839 pro
1481 802 1578 830 satu-

91 847 220 882 randis
244 847 510 882 inimicitiarum
536 846 627 881 odiis
654 850 822 887 exercent,
858 845 889 878 si
919 845 1067 879 eandem
1091 844 1231 879 veniam
1256 857 1327 878 non
1354 846 1402 878 ad
1426 845 1578 889 impuni-

92 901 198 932 tatem
220 895 430 940 iniqtaitatis,
465 896 527 930 sed
552 896 602 929 ad
626 906 722 939 spem
746 894 966 928 correctionis
993 893 1189 938 indulgent,
1223 894 1265 934 si,
1299 891 1422 937 quodd
1455 905 1579 938 aspere

93 950 267 990 coquntur
292 947 500 990 plerumque
531 945 728 984 decernere,
761 942 1049 977 misericordiaee
1085 942 1227 976 lenitate
1267 949 1298 977 et
1336 943 1580 986 beneficiorum

93 993 259 1040 largitate
292 998 527 1038 compensant,
560 994 592 1026 si
623 993 770 1026 luxuria
803 996 900 1026 tanto
925 991 970 1025 iis
996 998 1045 1026 est
1073 992 1287 1036 castigatior,
1313 996 1446 1034 quanto
1466 993 1581 1035 possit

92 1054 166 1078 esse
198 1042 349 1086 liberior,
382 1043 415 1076 si
440 1043 577 1076 malunt
602 1040 856 1085 cupiditatibus
882 1039 1009 1084 pravis
1043 1052 1150 1084 quam
1183 1041 1391 1083 quibuslibet
1419 1041 1579 1086 qentibus

90 1091 278 1136 inperare,
303 1098 336 1126 et
360 1091 392 1126 si
416 1092 501 1126 haec
526 1089 644 1125 omnia
657 1090 817 1135 faciunt,
842 1101 914 1124 non
929 1096 1078 1133 propter
1102 1090 1266 1124 ardorem
1289 1088 1411 1123 inanis
1432 1090 1579 1134 gloriae,

92 1141 155 1176 sed
172 1146 325 1186 propter
341 1140 524 1175 caritatem
538 1140 725 1184 felicitatis
751 1145 925 1180 aeternae,
951 1139 982 1173 si
1000 1151 1070 1182 pro
1097 1139 1170 1173 suis
1190 1139 1346 1182 peccatis
1371 1139 1581 1183 sacrificium

91 1189 311 1232 humilitatis,
337 1189 573 1224 miserationis
598 1194 629 1223 et
655 1188 826 1222 orationis
850 1187 927 1222 Deo
960 1199 1024 1222 suo
1056 1199 1136 1222 vero
1162 1188 1342 1221 immolare
1375 1200 1447 1222 non
1472 1189 1578 1234 neqli·

89 1242 198 1284 qma.-
241 1239 330 1273 tates
366 1239 576 1273 christianos
614 1238 842 1283 imperatores
875 1237 1024 1271 dicimus
1063 1248 1135 1271 esse
1159 1236 1284 1281 felices
1327 1237 1466 1271 interim
1508 1249 1579 1281 spe,

86 1292 213 1332 postea
235 1299 274 1322 re
298 1286 379 1331 ipsa
394 1288 555 1332 futuros,
583 1299 660 1320 cum
684 1287 723 1320 id
748 1286 844 1330 quod
865 1290 1103 1329 exspectamus
1129 1284 1322 1319 advenerit.
1595 1284 1772 1318 1.10h.2,s.

205 1333 271 1376 13.
329 1332 451 1375 Haec
495 1339 537 1374 et
573 1332 658 1375 alia
693 1330 937 1374 huiusmodi
975 1331 1125 1373 scribit
1163 1337 1205 1373 et
1245 1330 1369 1373 docet
1407 1334 1689 1374 sanctusfflv)

89 1388 359 1446 Augustinus
387 1389 629 1446 episcopus,
659 1395 706 1430 ut
735 1401 1060 1443 cognoscamus,
1090 1386 1303 1444 quomodo
1329 1401 1410 1443 per
1427 1402 1581 1444 pacem

90 1449 302 1488 terrenam
330 1443 387 1487 ad
425 1443 649 1488 caelestem
680 1443 903 1500 pervenire
931 1442 1178 1497 debeamus,
1208 1443 1424 1500 quomodo
1453 1444 1582 1486 etiam

91 1499 324 1558 dispositor
357 1501 411 1544 sit
450 1500 775 1557 moderatorque
813 1514 1042 1556 regnorum
1079 1499 1214 1553 Deus,
1254 1506 1296 1542 et
1333 1499 1446 1542 unde
1481 1514 1582 1542 vera

90 1555 270 1600 felicitas
300 1558 520 1613 contingat
538 1556 779 1599 christianis
807 1556 995 1612 regibus,
1027 1570 1133 1612 quos
1153 1570 1238 1598 non
1258 1562 1371 1599 recte
1391 1563 1580 1612 agentes,

91 1612 214 1656 iuxta
240 1612 357 1671 quod
393 1627 524 1670 supra
553 1612 721 1666 dicitur,
751 1613 811 1655 ita
840 1612 962 1654 Deus
990 1612 1035 1654 in
1064 1611 1174 1655 libro
1206 1612 1451 1668 Sapientiae
1481 1611 1581 1655 allo-

93 1670 258 1727 quitur:
301 1669 476 1722 Audite,
513 1685 646 1726 reyes,
686 1675 724 1711 et
761 1668 999 1725 intelliqite,
1038 1669 1202 1722 discite,
1231 1669 1398 1711 iudices
1416 1669 1580 1723 finium
1595 1670 1775 1704 Sap.6‚s-

93 1731 247 1780 terrae,
278 1725 480 1783 praebete
517 1741 648 1768 aures
692 1740 780 1779 vos,
826 1725 903 1782 qui
945 1726 1172 1767 continetis
1207 1723 1507 1767 multitudines
1544 1732 1580 1767 et
1616 1711 1763 1739 ¹⁰'‘³²¹²'

125 1781 275 1826 lucetis
318 1782 438 1825 vobis
479 1783 530 1824 in
573 1781 712 1824 turbis
755 1782 998 1834 nationum,
1071 1782 1251 1823 uoniam
1300 1781 1407 1823 data
1452 1788 1513 1824 est
1556 1797 1584 1824 a

87 1797 283 1881 {omino
306 1844 502 1894 potestas
540 1839 659 1882 vobis
698 1843 735 1879 et
773 1838 912 1880 virtus
943 1837 996 1879 ab
1068 1837 1264 1890 ltissimo,
1296 1838 1373 1893 qui
1400 1839 1582 1880 interro-

93 1894 216 1952 9abit
237 1908 370 1950 opera
391 1900 533 1936 vestra
564 1901 602 1936 et
617 1895 911 1951 *coyitationes
932 1893 1214 1946 scrutabitur,
1246 1895 1467 1949 quoniam,
1488 1910 1584 1935 cum

94 1951 239 1994 essetis
262 1951 456 1994 ministri
477 1951 605 2015 regni
628 1950 764 2003 illius,
785 1964 873 1991 non
895 1955 1003 1991 recte
1023 1949 1268 2002 iudicastis,
1292 1964 1345 1990 ne
1374 1964 1427 1990 ue
1447 1955 1583 1991 custo-

96 2005 223 2050 distis
241 2006 279 2050 le
310 2022 374 2049 em
393 2007 599 2059 iustitiae,
630 2020 765 2062 neque
785 2006 1021 2047 secundum
1052 2004 1310 2047 voluntatem
1378 2006 1419 2046 ei
1439 2005 1582 2047 ambu-

94 2061 233 2117 lastis,
272 2022 484 2104 {orrenda
523 2068 560 2104 et
594 2063 672 2104 cite
707 2060 939 2117 apparebit
972 2060 1103 2112 vobis,
1136 2061 1342 2116 quoniam
1372 2060 1584 2102 iudicium

97 2117 381 2161 durissimum
400 2118 448 2160 in
470 2117 539 2159 his
561 2118 638 2174 qui
653 2122 869 2172 praesunt
881 2114 985 2170 flet;
1018 2117 1176 2172 eoeiyuo
1199 2116 1312 2157 enim
1333 2117 1585 2158 conceditur

97 2173 418 2227 misericordia,
435 2179 627 2229 potentes
643 2178 784 2215 autem
798 2178 994 2228 potenter
1008 2178 1217 2214 tormenta
1227 2172 1458 2227 patientur
1463 2187 1479 2226 ;
1497 2187 1583 2215 non

96 2231 212 2274 enim
227 2230 444 2273 subtrahet
458 2244 696 2286 personam
712 2229 972 2285 cuiusquam
987 2227 1219 2279 Dominus,
1235 2242 1311 2269 nec
1327 2228 1586 2270 reverebitur

95 2286 444 2353 maqnitudinem
460 2286 720 2352 cuiusquam
736 2285 871 2338 Deus,
887 2284 1095 2340 quoniam
1097 2283 1310 2340 pusillum
1327 2289 1364 2325 et
1379 2299 1585 2341 maynum

84 2342 200 2400 fecit
217 2344 326 2399 ipse,
357 2348 394 2384 et
425 2341 666 2398 aequaliter
685 2356 794 2383 cura
824 2347 883 2383 est
911 2338 980 2382 illi
1007 2340 1059 2382 de
1089 2339 1298 2392 omnibus,
1316 2339 1585 2395 fortioribus

99 2405 238 2442 autem
239 2398 408 2455 fortior
426 2399 563 2440 instat
583 2398 811 2440 cruciatio.
842 2396 914 2438 Ad
934 2411 1007 2438 vos
1022 2411 1138 2452 erqo,
1160 2410 1293 2452 reyes,
1314 2402 1414 2438 sunt
1434 2396 1481 2438 Izi
1500 2411 1585 2438 ser-

98 2469 242 2498 mones
269 2455 365 2508 mei,
392 2460 440 2496 ut
468 2454 650 2496 discatis
672 2453 950 2510 sapientiam,
978 2458 1015 2494 et
1036 2467 1124 2494 non
1152 2451 1379 2494 excidatis.
1421 2451 1582 2495 Concu-

93 2511 250 2567 piscite
270 2525 372 2568 erqo
394 2525 607 2553 sermones
627 2524 754 2561 meos,
776 2508 945 2565 diliqite
965 2508 1063 2550 illos
1094 2514 1129 2550 et
1156 2508 1364 2550 habebitis
1385 2508 1582 2565 discipli-

98 2582 214 2609 nam.
243 2566 360 2610 Inter
374 2565 490 2620 haee,
508 2580 616 2623 quae
662 2581 708 2608 er
724 2564 996 2608 solomonem
1014 2563 1214 2606 dicuntur
1228 2579 1254 2606 a
1269 2562 1471 2618 Domino,
1487 2579 1584 2607 con-

99 2622 373 2665 siderandum
394 2628 469 2676 est,
490 2621 603 2680 quod
654 2623 694 2664 ic
716 2636 885 2679 quoque
906 2621 1064 2663 dicitur
1083 2619 1255 2676 regibus
1280 2627 1466 2676 potestas
1486 2621 1584 2664 data
1598 2636 1786 2670 Rom.1s,1.

99 2693 193 2722 esse
231 2692 258 2720 a
285 2677 487 2732 Domino,
522 2678 633 2721 sicut
662 2685 704 2721 et
731 2676 1002 2735 praedicatur
1036 2676 1090 2719 ab
1120 2676 1326 2733 apostolo,
1364 2677 1583 2734 quoniam:

109 2733 283 2788 Omnis,
319 2734 476 2790 inquit,
507 2740 700 2790 potestas
740 2750 768 2777 a
802 2734 907 2787 Deo,
942 2732 1124 2798 ideoque
1158 2743 1253 2786 quod
1282 2742 1585 2787 irreprehensibile

102 2803 163 2842 ent,
198 2799 369 2834 catholica
401 2800 559 2844 defendit
594 2800 748 2842 ecclesia,
789 2790 898 2831 sicut
931 2789 1078 2831 scrib1t
1118 2787 1390 2831 Marcellinus
1430 2797 1583 2846 papa¹.

101 2883 132 2918 a)
154 2885 196 2910 ita
217 2884 310 2917 Auq.,·
338 2886 524 2918 imperarent
549 2887 574 2911 1.
664 2885 698 2920 b)
720 2886 907 2912 extollantur
930 2888 954 2913 1.
1037 2886 1064 2919 c)
1086 2885 1280 2911 meminerint
1303 2886 1328 2912 1.
1412 2884 1442 2918 d)
1463 2884 1536 2917 quid
1560 2886 1584 2909 1.

101 2924 131 2958 ο)
153 2924 195 2950 ita
215 2924 312 2957 Aua,
334 2925 460 2951 minime
483 2926 507 2950 1.

106 2999 144 3043 1)
170 3000 364 3034 Hinschius
391 3012 424 3044 p.
452 3000 533 3034 222.
