1878 3308
142 1415 179 1442 cf.
189 1414 340 1450 Ps.149‚9.

152 1753 262 1781 Ierem.
276 1753 303 1788 8,
315 1754 343 1780 8.

236 1909 344 1936 matth.

242 1950 255 1975 1
262 1950 288 1983 2,
298 1949 345 1976 83.

350 284 419 317 126
592 285 660 318 DE
684 283 895 318 UNITATE
921 283 1193 318 ECCLESIAE
1221 284 1590 320 CONSERVANDA.

350 403 630 440 surrexerunt
668 397 723 439 ad
759 394 1005 453 exemplum
1033 396 1208 438 Dathan
1246 402 1288 439 et
1317 396 1483 440 Abiron
1519 404 1670 442 contra
1704 412 1841 441 sacer-

349 452 515 496 dotium
544 453 733 506 Domini,
771 452 908 510 qualis
946 453 1075 495 etiam
1113 453 1193 496 fuit
1226 455 1375 496 tertius
1403 453 1572 497 illorum
1601 455 1743 498 socius
1771 454 1842 498 ille

351 508 542 566 Sergius,
586 510 660 566 qui
699 509 931 552 insurrexit
970 515 1120 551 contra
1150 508 1414 553 Clementem
1449 524 1606 568 papam
1636 526 1715 577 per
1744 525 1839 568 par-

349 567 456 608 tium
485 565 626 608 studia
647 565 1007 618 subintroductus,
1037 573 1165 623 atque
1196 566 1338 608 statim
1367 567 1412 607 in
1440 567 1455 608 i
1487 581 1533 610 so
1564 567 1840 618 ordinationis

351 635 453 664 suae
492 622 692 678 ingressu
727 621 939 679 profluvio
974 624 1133 664 ventris
1171 621 1346 676 solutus,
1375 637 1433 679 pa
1480 637 1504 666 o
1533 630 1631 681 post
1667 624 1839 679 interiit,

351 677 498 720 divino
529 677 688 720 iudicio
718 692 947 734 percussus
958 686 986 721 1.
1032 678 1105 721 Sic
1126 679 1287 736 quippe
1306 678 1464 735 legitur
1491 680 1536 721 in
1556 679 1843 723 ecclesiastica

351 734 527 776 historia
538 741 566 788 ²,
607 733 782 776 Arrium
821 735 877 776 ad
916 734 1138 777 ecclesiam
1179 743 1429 791 pergentem
1466 735 1765 793 episcoporum
1801 742 1843 779 et

350 788 607 846 populorum
627 790 866 846 frequentia
887 791 1176 847 constipatum
1195 791 1407 835 humanae
1426 792 1692 835 necessitatis
1711 806 1842 834 causa

351 845 408 888 ad
448 851 659 888 secretum
695 845 838 888 locum
878 846 1127 900 declinasse,
1165 846 1240 889 ubi
1279 862 1377 890 cum
1417 848 1607 903 sedisset,
1641 849 1843 891 intestina

353 903 444 945 eius
482 908 526 944 at
557 917 611 944 ue
652 903 795 945 omnia
824 902 989 945 viscera
1024 903 1070 944 in
1106 918 1300 946 secessus
1338 904 1582 948 cuniculum
1613 903 1843 948 defluxisse

353 964 394 1001 et
431 958 491 999 ita
561 959 707 1014 ignam
745 966 925 1001 mortem
964 958 1253 1016 blasphemiae
1293 966 1335 1003 et
1373 961 1558 1005 foetidae
1586 962 1739 1004 mentis
1770 975 1843 1003 ex-

353 1013 520 1059 olvisse.
578 1015 704 1057 Unde
749 1020 928 1069 constat,
965 1029 1038 1058 eos
1086 1017 1224 1072 magis
1261 1031 1391 1073 quam
1427 1016 1701 1074 Wigbertum
1745 1031 1843 1060 con-

353 1076 486 1113 sortes
526 1085 619 1113 esse
655 1071 784 1124 Arrii,
824 1085 930 1128 quos
970 1072 1221 1128 constringit
1267 1073 1417 1115 similis
1445 1088 1585 1130 poena
1618 1073 1687 1117 vel
1725 1072 1843 1117 exilii

351 1126 423 1169 vel
468 1126 682 1183 supplicii.
761 1127 887 1176 Quod
931 1129 1064 1182 cuim,
1108 1130 1328 1186 inquiunt,
1372 1132 1468 1185 ipse
1514 1130 1756 1188 Wiqbertus
1800 1145 1843 1172 se

353 1183 684 1240 transfiqurans
721 1185 770 1226 in
812 1183 1014 1241 angelum
1054 1185 1166 1227 lucis
1205 1187 1335 1242 quasi
1371 1187 1431 1229 ad
1461 1187 1701 1230 docendum
1728 1187 1841 1229 testi-

353 1241 504 1282 monia
533 1240 698 1296 colliyit
724 1241 775 1282 de
796 1242 1046 1296 scripturis,
1076 1243 1236 1284 mirum
1265 1257 1354 1284 ποη
1384 1249 1457 1296 est,
1487 1244 1594 1299 quia
1623 1249 1661 1285 et
1678 1243 1844 1285 Arrius

355 1296 433 1338 Ιιοσ
451 1295 618 1351 fecisse
645 1296 819 1352 leqitur,
846 1298 898 1339 de
920 1312 1002 1352 quo
1023 1298 1162 1340 Filius
1180 1299 1327 1341 ‘minor
1345 1299 1475 1341 Patre
1497 1301 1723 1342 asseritur.
1769 1298 1842 1340 Sic

354 1366 469 1406 vero,
510 1352 571 1394 sic
616 1358 784 1409 oportet
827 1352 919 1395 fieri
956 1367 1034 1409 per
1072 1352 1268 1397 doctores
1306 1353 1599 1409 ecclesiarum,
1636 1360 1686 1397 ut
1723 1355 1845 1396 iuxta

355 1407 607 1451 Psalmistae
644 1409 936 1451 testimonium
969 1409 1130 1452 faciant
1173 1410 1378 1453 iudicium
1423 1411 1724 1468 conscriptum,
1754 1412 1845 1453 iun-

353 1470 502 1521 gentes
531 1465 772 1507 testimonio
802 1467 1107 1520 testimonium,
1137 1481 1221 1524 quo
1242 1467 1403 1510 seilicet
1421 1466 1582 1510 iudicio
1603 1467 1845 1524 conscripto

354 1519 460 1562 nihil
488 1521 650 1563 firmius
681 1527 744 1564 est
764 1528 913 1564 contra
931 1522 1160 1564 insidiosos
1181 1538 1342 1566 errores
1372 1523 1729 1577 adversariorum,
1760 1537 1844 1581 quo

356 1577 484 1620 etiam
513 1576 619 1618 nihil
638 1578 771 1620 tutius
791 1583 855 1620 est
883 1579 938 1620 ad
959 1577 1300 1622 exhortationem
1321 1586 1364 1623 et
1382 1579 1621 1623 doctrinam
1639 1579 1845 1622 fidelium.

357 1633 483 1676 Certe
517 1634 669 1675 Arrius
711 1648 798 1676 non
841 1635 1042 1678 utebatur
1079 1635 1247 1678 divinae
1284 1636 1532 1692 Scripturae
1576 1636 1844 1689 testimoniis,

356 1689 432 1731 sed
460 1688 726 1742 abutebatur,
765 1691 887 1732 iuxta
917 1690 1031 1747 quod
1070 1697 1112 1733 et
1140 1691 1211 1733 isti
1238 1691 1401 1734 faciunt
1427 1691 1761 1748 pseudographi,
1792 1691 1845 1733 de

358 1744 553 1801 qualibus
574 1760 651 1801 per
670 1746 931 1788 Hieremiam
952 1747 1205 1802 prophetam
1226 1747 1400 1790 dicitur:
1431 1747 1651 1797 Quomodo
1673 1748 1820 1791 dicitis
1831 1764 1854 1799 :¹

358 1801 603 1856 ‘Sapientes
628 1817 707 1844 ‘nos
729 1817 878 1844 sumus
908 1809 946 1845 et
963 1803 1033 1845 Zeoe
1052 1803 1140 1845 Dei
1159 1804 1381 1846 nobiscum
1402 1804 1500 1846 est’?
1540 1805 1640 1848 Vere
1669 1805 1846 1847 ‘menda-

359 1858 487 1911 cium,
517 1857 668 1913 inquit,
701 1865 906 1913 operatus
927 1866 987 1901 est
1005 1859 1132 1901 stilus
1160 1861 1351 1903 ‘mendax
1381 1861 1641 1903 scribarum.
1694 1861 1846 1903 Omnis

359 1915 474 1955 enim
505 1914 637 1956 arbor
666 1929 719 1955 ecc
735 1914 897 1969 fructu
925 1930 1004 1957 suo
1034 1918 1324 1972 cognoscitur,
1355 1917 1465 1959 sicut
1493 1916 1598 1960 dicit
1617 1917 1844 1960 Dominus,

358 1969 478 2025 Ergo
493 1969 757 2026 Wigbertus,
789 1971 863 2027 qui
893 1977 936 2013 et
956 1970 1152 2014 Clemens
1181 1987 1309 2029 papa,
1338 1972 1498 2030 profert
1525 1987 1623 2015 cum
1651 1972 1847 2030 apostolo

184 2031 402 2078 GaL5,22.et
438 2025 564 2068 docet
602 2040 664 2079 ea,
705 2042 816 2083 quae
855 2034 958 2069 sunt
979 2028 1163 2082 fructus
1201 2031 1398 2084 spiritus,
1435 2031 1549 2072 sicut
1577 2036 1638 2072 est
1666 2031 1848 2082 caritas,

182 2150 263 2178 Phil.
274 2152 302 2185 4,
314 2151 342 2178 8.

144 2264 248 2292 matth.
263 2265 289 2298 7,
299 2265 345 2294 16.

151 2602 240 2631 Num.
254 2603 302 2637 16,
315 2602 342 2630 5.

358 2083 587 2139 qaudium,
613 2098 724 2138 pam,
746 2083 1074 2140 Zonqanimitas,
1095 2085 1280 2139 bonitas,
1301 2086 1559 2143 beniqnitas,
1570 2086 1700 2141 fides,
1719 2101 1844 2128 mau-

358 2138 539 2181 suetudo
570 2145 608 2180 et
629 2145 769 2181 cetera
790 2155 1072 2196 quaecuuque
1092 2142 1279 2196 pudica,
1311 2157 1593 2198 quaecunque
1623 2141 1847 2186 amabilia.

358 2194 578 2251 Numquid
620 2195 829 2252 colliqunt
872 2196 923 2238 dc
961 2198 1107 2253 spinis
1142 2213 1253 2240 uvas
1290 2205 1368 2240 aut
1405 2200 1456 2240 de
1496 2197 1669 2241 tribulis
1696 2197 1847 2252 ficus?

359 2250 464 2293 dicit
491 2250 717 2292 Dominus.
776 2252 836 2293 Hi
869 2259 968 2295 sunt
1000 2253 1177 2305 fructus,
1215 2268 1240 2295 a
1270 2253 1424 2311 quibus
1454 2255 1626 2310 spiritus
1656 2253 1847 2309 maligni,

359 2307 434 2363 qui
478 2307 523 2348 in
570 2307 958 2365 pseudoprophetis
1005 2308 1249 2365 loquuntur,
1293 2310 1435 2353 valent
1477 2310 1656 2362 dinosci,
1699 2311 1847 2366 spinae

358 2362 559 2404 videlicet
592 2364 841 2405 scismatum
881 2370 922 2406 et
950 2364 1113 2406 horridi
1141 2364 1354 2407 heresium
1383 2365 1540 2414 tribuli,
1576 2363 1731 2422 quibus
1761 2379 1846 2420 eos,

359 2419 434 2474 qui
457 2418 539 2461 sibi
553 2420 724 2462 incaute
739 2421 1009 2477 appropiant,
1024 2420 1148 2463 foede
1162 2420 1388 2464 lacerando
1405 2422 1715 2476 contaminant3
1737 2422 1849 2465 sicut

359 2480 533 2516 econtra
561 2490 638 2531 per
657 2476 934 2530 fragrantiam
957 2491 1138 2518 uvarum
1167 2477 1432 2535 ficorumque
1458 2477 1727 2520 dulcedinem
1747 2483 1846 2534 apte

357 2529 596 2585 figurantur
615 2530 777 2573 fructus
797 2532 1020 2585 bonorum,
1043 2533 1116 2589 qui
1137 2533 1350 2588 pertinent
1367 2534 1422 2575 ad
1442 2533 1599 2587 Deum,
1626 2534 1699 2590 qui
1719 2549 1844 2576 sanc-

357 2592 422 2627 tos
443 2586 687 2642 applicabit
706 2588 801 2640 sibi,
832 2595 869 2629 et
917 2603 995 2630 uos
1015 2589 1189 2645 eleqerit
1210 2590 1634 2646 appropinquabunt
1653 2591 1706 2634 ei.
1744 2590 1846 2643 Sed,

359 2642 470 2683 sicut
505 2642 652 2685 scribit
681 2649 851 2685 sanctus
923 2645 1116 2700 regorius
1147 2644 1201 2686 ad
1231 2646 1524 2702 supradictum
1555 2645 1846 2689 Secundinum

359 2712 530 2740 servum
551 2698 636 2740 Dei
655 2698 863 2741 inclusum
877 2706 912 2741 ⁸:
939 2710 1102 2744 Perveni
1120 2711 1285 2753 homines,
1312 2712 1375 2755 qui
1399 2711 1669 2746 ecclesiasticam
1690 2711 1846 2756 discipli·

357 2770 442 2792 nam
463 2757 628 2803 fugiunt,
664 2759 707 2792 de
739 2759 813 2792 suis
848 2760 982 2793 actibus
1015 2760 1226 2803 ‘reprehendi
1243 2761 1495 2804 pertimescunt
1527 2767 1559 2796 et
1583 2773 1646 2795 nos
1672 2761 1777 2805 quasi
1801 2761 1846 2795 de

348 2807 426 2851 fide
450 2807 721 2850 reprehendunt,
744 2819 854 2851 vquam
879 2809 949 2852 ipsi
972 2808 1144 2851 nesciunt,
1171 2814 1202 2843 ct
1223 2810 1307 2843 dum
1331 2821 1443 2853 ‘neque
1469 2811 1507 2844 in
1522 2810 1599 2854 fide
1623 2810 1709 2844 recti
1732 2820 1845 2852 neque

362 2881 399 2924 1)
424 2882 549 2916 Victor
573 2882 645 2915 ΙΙΙ.
673 2882 759 2915 obiit
793 2893 825 2916 a,
854 2882 959 2917 1087.
1060 2884 1096 2924 2)
1123 2883 1240 2917 Rufin.
1267 2884 1349 2917 hist.
1378 2884 1467 2917 ecel.
1494 2884 1524 2924 1,
1545 2884 1601 2916 13.
1693 2883 1730 2926 3)
1757 2883 1844 2917 Gre-

358 2931 451 2973 gorii
475 2930 628 2974 Epistul.
655 2931 720 2973 IX,
749 2930 829 2965 147.
