1878 3308
0 0 70 243 f}
343 73 356 76 -
373 67 430 78 ‘l
456 60 476 63 ‚‚
518 53 526 56 ,
545 47 583 53 ,-

0 246 6 274 l

317 306 387 341 DE
411 306 624 341 UNITATE
649 305 923 342 ECCLESIAE
950 306 1318 342 CONSERVANDA.
1494 308 1567 342 115

78 417 326 462 amnibus
355 418 493 462 bonae
521 419 773 473 voluntatis,
803 433 855 462 ea
886 419 1048 477 quippe
1077 425 1166 462 tam
1185 419 1339 462 festiva
1368 418 1566 461 solemni-

76 479 166 518 nto
203 472 455 531 angelorum
498 482 629 540 atque
670 475 891 518 hominum
933 475 1072 518 factus
1113 482 1179 518 est
1219 474 1359 518 luctus
1402 476 1569 531 ingens,

76 543 248 573 moeror
282 536 413 588 atque
450 531 624 574 n-isntia
659 539 702 574 et
738 531 891 574 effusio
925 531 1101 574 humani
1131 532 1364 588 sanguinis.
1420 531 1568 574 Primo

76 585 252 644 quidem
279 587 444 644 impetu
472 587 647 644 fugatus
675 595 741 630 est
767 587 958 630 marchio
974 596 1001 642 ¹,
1040 586 1116 630 sed
1145 593 1382 630 restaurato
1414 586 1570 630 deinde

105 641 253 698 melio,
289 643 428 686 victor
461 644 604 686 victus
640 650 706 686 est
739 645 972 709 imperator
1000 642 1147 686 divino
1177 643 1364 700 quodam
1392 644 1567 689 iudicio.

118 712 191 741 am
220 713 244 742 e
275 699 450 756 iscopos
479 699 709 754 Saxoniae,
745 715 821 757 qui
848 699 991 742 iudice
1031 699 1213 742 ecclesia
1251 707 1350 742 sunt
1379 700 1570 742 damnati

74 769 164 798 non
201 769 250 798 so
266 769 339 798 um
373 757 419 797 in
457 757 801 799 communionem
836 764 1070 822 receperat,
1110 757 1185 799 sed
1222 763 1264 799 et
1293 757 1570 813 episcopatus

0 836 1 840 =
75 825 190 864 suos,
218 811 335 854 unde
361 811 530 854 fuerant
558 811 755 869 depositi,
786 813 851 854 sin
884 811 966 855 uhs
995 812 1073 854 abs
1106 827 1160 855 ue
1185 813 1343 855 iudicio
1365 813 1568 855 ecclesiae

74 867 342 922 reddiderat3
378 867 576 926 ideoque,
618 869 821 925 quoniam
895 876 1007 911 ostes
1052 867 1088 911 C
1144 869 1212 911 ‘sti
1261 870 1335 926 qui
1371 874 1436 911 est
1478 883 1568 926 pax

74 922 284 967 eeclesiae
309 925 565 990 permiserat
592 925 827 982 imperator
852 925 906 968 de
933 923 1115 968 ecclesia
1134 925 1397 982 triumphare
1410 932 1438 979 ²,
1469 939 1567 967 con-

0 1025 6 1031 ,
73 980 207 1023 cessit
233 980 427 1022 vicissim
468 980 663 1024 Christus
693 982 916 1023 victoriam
954 981 1148 1024 hostibus
1184 982 1246 1024 rei
1275 980 1489 1038 publicae,
1526 988 1569 1024 et

72 1035 156 1079 hoc
181 1049 262 1093 pro
277 1035 508 1093 disciplina
535 1037 673 1093 magis
703 1036 936 1080 electorum
965 1052 1140 1080 suorum
1171 1051 1298 1095 quam
1326 1052 1404 1094 pro
1431 1037 1569 1094 gloria

74 1105 223 1136 eorum
269 1093 345 1150 qui
387 1092 444 1135 ad
493 1093 712 1136 cumulum
751 1094 1005 1150 perditionis
1049 1107 1152 1137 suae
1195 1093 1438 1150 polluerunt
1479 1100 1568 1136 tam

73 1147 320 1192 crudelibus
358 1148 485 1192 factis
524 1149 639 1192 diem
675 1152 836 1206 pariter
870 1150 1135 1192 dominicum
1174 1157 1304 1206 atque
1332 1150 1568 1192 nativitatis

73 1203 316 1248 dominicae
345 1213 660 1248 sacramentum
674 1214 705 1250 ³.
754 1206 904 1263 Neque
934 1207 1048 1249 enim
1078 1206 1153 1248 diu
1183 1207 1298 1248 circa
1325 1205 1567 1261 Egbertum

71 1260 365 1304 marchionem
394 1261 499 1305 ultio
529 1261 675 1304 divina
711 1263 909 1316 cessavit,
946 1263 1164 1319 quoniam,
1199 1277 1296 1304 cum
1325 1264 1420 1319 ipse
1449 1262 1567 1304 Hen-

73 1317 192 1360 richo
229 1315 354 1360 alteri
393 1317 614 1361 Saxonum
656 1318 894 1361 marchioni
937 1333 1058 1361 arma
1098 1318 1334 1373 intulisset,
1372 1317 1568 1374 plurimis

74 1386 250 1416 suorum
284 1374 454 1416 amissis
491 1375 634 1417 victus
674 1374 727 1417 de
763 1374 923 1431 praelio
963 1374 1147 1430 aufugit,
1186 1389 1236 1417 ac
1275 1374 1430 1417 deinde
1468 1389 1566 1416 cum

74 1428 258 1472 fuissent
284 1443 437 1472 manus
467 1431 658 1472 omnium
688 1431 933 1487 principum
964 1430 1181 1474 Saxoniae
1211 1438 1360 1473 contra
1388 1445 1485 1473 eum
1525 1437 1568 1473 et

74 1498 228 1528 manus
265 1485 360 1528 eius
399 1492 548 1529 contra
586 1501 756 1541 omnes,
798 1494 1014 1544 postremo
1057 1486 1357 1529 miserabiliter
1400 1487 1568 1529 occisus

75 1546 154 1595 est,
190 1540 389 1598 proditus
430 1543 474 1585 in
519 1542 706 1600 quodam
745 1545 939 1600 tugurio,
977 1550 1024 1585 ut
1060 1557 1147 1585 non
1184 1543 1324 1585 dicam
1361 1543 1406 1585 id
1451 1542 1567 1599 quod

73 1597 219 1640 verius
262 1605 347 1650 est,
389 1599 435 1641 in
474 1598 771 1653 molendino⁴3
814 1600 960 1656 sicque
1002 1600 1147 1655 regiae
1189 1598 1424 1642 nobilitatis
1466 1598 1568 1641 ado-

71 1652 239 1697 lescens
280 1653 440 1698 bellum
477 1656 814 1710 consummavit,
852 1670 937 1713 quo
975 1670 1156 1712 regnum
1200 1655 1282 1698 sibi
1317 1669 1569 1712 expugnare

0 1718 6 1745 -“
101 1709 297 1753 uaesivit.

73 1724 103 1768 q
186 1766 257 1810 36.
313 1767 467 1809 Annus
515 1774 618 1810 tunc
658 1775 751 1810 erat
797 1767 854 1810 ab
898 1768 1190 1810 incarnatione
1228 1767 1406 1809 Domini
1445 1767 1568 1821 1090,

75 1821 248 1879 quando
286 1823 454 1865 occisus
490 1830 555 1866 est
592 1824 863 1880 supradictus
893 1823 1083 1866 marchio
1112 1823 1343 1880 Egbertus.
1400 1823 1567 1866 Eodem

74 1878 204 1922 etiam
232 1892 346 1921 anno
366 1878 593 1922 defunctus
622 1888 687 1923 est
705 1879 958 1922 Liudolfus·
988 1879 1076 1922 dux
1098 1879 1440 1933 carentinorum,
1470 1894 1568 1921 cum

74 1940 119 1978 et
154 1934 250 1991 ipse
283 1942 507 1992 appeteret
539 1943 746 1992 regnum-‘³
783 1943 931 1978 contra
958 1936 1258 1992 imperatorem
1287 1934 1567 1990 Henrichum,

5 2018 13 2033 ς.
73 1996 204 2047 atque
241 1990 426 2045 Bertolt,
461 1990 575 2033 filius
613 1991 784 2033 Rudolfi
822 1992 936 2047 regis
980 1991 1196 2048 quondam
1238 1990 1479 2044 Saxonum,
1522 1992 1567 2032 in

5 2054 18 2100 t
72 2045 168 2103 ipso
197 2047 433 2090 iuventutis
461 2061 565 2089 suae
585 2046 689 2089 flore
709 2047 935 2090 defunctus
955 2054 1032 2100 est,
1061 2054 1104 2089 et
1122 2047 1228 2102 Hug
1245 2047 1568 2103 potentissimus

74 2116 220 2145 comes
265 2102 464 2145 Alsaciae
517 2110 615 2159 post
658 2102 792 2145 multa
827 2102 1017 2145 crudelia
1088 2118 1169 2145 uae
1211 2102 1372 2145 fecerat
1416 2101 1485 2145 vel
1521 2103 1567 2144 in

7 2138 20 2206 ἓ
74 2157 260 2201 ecclesia
286 2158 358 2201 vel
384 2159 428 2200 in
458 2174 504 2201 re
533 2157 709 2215 publica
739 2160 906 2201 occisus
936 2165 1011 2201 est.
1116 2174 1139 2201 e
1169 2158 1326 2200 talibus
1355 2158 1512 2201 dicitur
1540 2173 1567 2201 a

5 2260 10 2268 ,Ἰ
74 2214 265 2257 Domino
307 2229 385 2272 per
427 2213 682 2257 Zachariam
725 2215 979 2272 prophetam
1022 2214 1078 2257 ad
1125 2214 1366 2256 Zorobabel
1410 2214 1565 2257 ducem

5 2290 7 2294 ·
74 2269 206 2313 Iuda:
235 2270 338 2314 Non
368 2272 416 2313 in
445 2273 637 2314 eaeercitu
666 2287 741 2313 ‘nec
770 2273 818 2313 in
843 2272 993 2314 robore
1012 2270 1243 2327 superabis
1272 2272 1753 2327 adversariosffiuhqc„

73 2327 152 2370 ced
183 2328 233 2370 in
261 2328 424 2384 spiritu
453 2342 557 2380 meo,
587 2327 667 2369 hoc
698 2335 763 2370 est
791 2328 836 2368 in
865 2326 1159 2369 observatione
1187 2325 1295 2382 legis
1325 2326 1423 2381 Dei,
1457 2328 1566 2370 dicit

14 2389 29 2425 5
73 2381 293 2426 Dominus
329 2385 608 2427 exercituum.
667 2383 769 2426 Fuit
803 2384 916 2426 enim
955 2384 1187 2439 imperator
1223 2390 1325 2425 tunc
1353 2384 1398 2424 in
1428 2382 1564 2437 Italia,

38 2455 39 2458 ¹
74 2437 247 2496 quando
275 2437 382 2482 haec
403 2440 520 2482 circa
538 2438 806 2481 adversarios
835 2454 936 2482 suos
966 2445 1064 2481 sunt
1082 2444 1224 2504 gesta3
1255 2452 1382 2496 quam
1402 2437 1565 2482 scilicet

73 2494 244 2538 tertiam
282 2494 382 2538 illuc
418 2495 725 2553 profectionem
764 2496 922 2539 fecerat
959 2509 1191 2551 praeclpue
1221 2502 1368 2537 contra
1395 2494 1563 2538 Mathil-

16 2573 34 2622 Ῐξ
74 2590 107 2626 ι)
126 2590 218 2619 num.
240 2593 267 2619 ι.

78 2659 114 2702 1)
147 2660 290 2695 Ekkeh.
324 2664 361 2694 et
384 2661 476 2694 Anu.
500 2661 653 2703 August.
686 2661 753 2694 hoc
788 2661 838 2693 ita
862 2660 996 2692 factum
1023 2670 1100 2693 esse
1127 2659 1338 2694 concedunt.
1439 2660 1476 2703 2)
1505 2660 1561 2695 cf.

19 2710 34 2754 ,’
74 2708 189 2743 verbs
214 2719 246 2743 e.
265 2709 331 2742 25:
357 2710 405 2742 At
428 2708 620 2751 imperator
638 2720 732 2752 prae
749 2709 855 2742 nimio
871 2709 974 2751 pacis
999 2719 1127 2742 amore.
1200 2709 1239 2751 3)
1266 2710 1322 2743 De
1348 2709 1416 2742 hac
1442 2720 1563 2753 pugna

74 2757 298 2802 imperatoris
325 2769 404 2791 cum
431 2758 638 2791 marchione
666 2758 711 2791 cf.
729 2757 902 2791 Bernoldi
929 2757 1078 2799 Chron.;
1103 2758 1195 2791 Anu.
1220 2758 1392 2801 August-3
1419 2757 1560 2792 Ekkeh.

76 2804 208 2841 chron.
235 2817 268 2840 a.
286 2806 400 2848 10893
427 2807 519 2840 Anu.
538 2806 724 2847 Dinibod.;
750 2807 841 2840 Anu.
862 2806 898 2840 S.
917 2805 1046 2839 Alban.
1122 2806 1161 2848 4)
1188 2807 1244 2840 De
1273 2807 1384 2840 caedo
1411 2808 1562 2850 Egberti

75 2854 124 2890 ef.
171 2857 264 2890 Ami.
306 2855 490 2897 Hildesh.;
528 2855 671 2888 Ekkoh.
706 2855 809 2898 Chr.;
854 2855 945 2889 Ann.
990 2854 1195 2897 ottenbur.;
1242 2855 1325 2890 Chr.
1365 2855 1560 2901 Sampstn:

75 2901 158 2938 Chr.
184 2915 265 2949 epp.
290 2904 478 2947 Hildesh.;
503 2905 547 2938 V.
573 2905 719 2938 Henriei
738 2904 801 2939 lv.
894 2902 1168 2946 5)w⁸1tramm
1195 2904 1263 2938 hoc
1288 2904 1385 2939 solus
1413 2904 1457 2938 de
1484 2906 1562 2938 eius

31 2962 35 2963 ⁷
72 2952 270 2997 eupiditate
295 2953 470 2997 regnandi
495 2954 631 2987 scribit.

29 3017 41 3027 ι
1199 3008 1250 3039 8*
