1878 3308
279 266 325 298 54
533 265 599 298 DE
626 264 837 299 UNITATE
865 263 1137 298 ECCLESIAE
1166 262 1536 298 CONSERVANDA.

391 378 430 420 9.
488 378 614 419 Hanc
655 377 802 432 utique
839 376 1070 431 imaginem
1100 374 1358 418 Hildebrant
1392 381 1433 417 et
1461 374 1654 431 episcopi
1683 374 1774 416 eius

277 435 323 476 in
342 447 443 489 rege
466 432 687 475 Henricho
718 440 760 475 et
781 431 962 475 oderunt
992 439 1034 474 et
1062 433 1279 488 persecuti
1310 438 1421 486 sunt,
1443 436 1485 474 et
1504 436 1773 487 potestatem,

279 505 391 547 quae
432 505 458 532 a
486 489 583 532 Deo
623 495 700 543 est,
742 503 827 545 qua
866 493 908 531 et
945 488 1040 544 ipse
1075 487 1216 530 adhuc
1245 493 1394 543 regnat
1422 492 1551 544 atque
1579 486 1774 543 imperat,

278 553 321 588 et
351 545 532 589 oderunt
561 553 603 588 et
632 545 846 602 persecuti
876 550 987 598 sunt,
1022 543 1218 600 ideoque,
1238 544 1468 600 assumptis
1499 541 1581 585 sibi
1602 541 1775 599 quibus-

279 601 378 643 dam
418 603 615 644 scissuris
653 602 790 657 regni,
831 601 1140 643 constituerunt
1170 606 1319 642 contra
1348 599 1659 641 ordinationem
1689 598 1801 641 Dei—

279 657 409 699 alium
440 673 598 714 regem,
636 657 868 700 Rudolfum
903 656 1067 698 scilicet
1097 657 1250 699 ducem
1283 656 1540 708 Suevorum,
1579 654 1658 697 sub
1689 669 1773 711 quo

278 713 587 769 praeliarentur
616 713 776 756 bellum
807 727 944 767 suum,
983 727 1067 769 quo
1099 711 1361 769 quaerebant
1400 710 1598 753 omnibus
1636 710 1774 752 modis

278 770 534 812 mortificare
574 785 721 826 regem
751 768 1033 822 Henrichum,
1076 770 1311 825 cupientes,
1344 782 1524 824 corpore
1555 772 1598 810 et
1631 767 1776 808 anima

276 827 418 882 perire
450 841 559 868 eum.
609 826 749 882 Igitur
778 839 889 867 anno
920 826 974 868 ab
1004 825 1296 867 incarnatione
1322 823 1502 866 Domini
1526 822 1646 865 1077.
1677 836 1776 865 con·

277 889 485 924 venerunt
524 897 669 925 mense
698 882 854 924 Martio
894 882 1040 938 episco
1075 881 1089 921 i
1128 887 1170 924 et
1199 882 1430 937 principes,
1467 879 1541 937 qui
1570 884 1692 922 erant
1720 893 1777 921 ex

275 945 399 994 parte
430 938 704 981 Hildebranti
742 952 894 995 papae,
932 944 974 980 et
1011 897 1233 992 ellegerunt
1262 951 1409 993 regem
1440 942 1590 978 contra
1617 949 1776 992 regem,

277 995 394 1036 circa
432 995 601 1037 tertiam
642 994 806 1037 scilicet
845 993 1162 1036 hebdomadam
1207 993 1573 1050 quadragesimae,
1649 991 1776 1034 uibus

277 1050 442 1093 scilicet
471 1051 752 1093 sacrosanctis
783 1050 936 1092 diebus
965 1050 1137 1093 iubetur
1156 1049 1387 1092 christiana
1414 1048 1565 1104 religio
1595 1061 1776 1090 aiorum

277 1113 520 1162 temporum
568 1106 852 1163 negligentias
890 1106 1052 1148 diluere
1092 1112 1134 1148 et
1170 1107 1282 1148 sicut
1320 1120 1463 1148 rerum
1499 1105 1561 1146 ita
1605 1117 1776 1160 quoque

278 1162 430 1204 offerre
462 1163 557 1205 Deo
588 1163 779 1205 decimas
809 1163 990 1216 dierum,
1026 1160 1198 1219 quando
1229 1163 1358 1205 etiam
1388 1160 1599 1218 praecipit
1628 1159 1777 1202 Domi·
1845 1188 1847 1190 ·

278 1233 360 1259 nus
400 1234 478 1275 per
513 1219 832 1275 praedicatores
872 1233 971 1260 suos
1010 1219 1209 1260 insonare
1237 1233 1323 1260 non
1353 1218 1524 1273 signum
1555 1215 1670 1270 belli,
1701 1215 1776 1258 sed

279 1273 428 1317 tubam
457 1275 789 1331 praedicationis
819 1275 875 1317 ad
906 1273 1232 1317 convocandum
1270 1275 1314 1315 in
1354 1273 1536 1316 ecclesia
1568 1270 1776 1329 populum

61 1341 265 1377 10e12‚1⁵·16.
280 1336 458 1388 propter
487 1332 777 1388 poenitentiae
807 1330 1012 1373 studium.
1061 1330 1223 1384 Canite,
1253 1331 1406 1386 inquit,
1435 1330 1541 1371 tuba
1569 1330 1619 1370 in
1650 1327 1776 1381 Sion,

280 1387 553 1441 sanctificate
589 1389 817 1442 ieiunium,
856 1393 1004 1429 vocate
1043 1393 1218 1440 coetum,
1260 1392 1520 1443 conyreyate
1548 1384 1777 1441 populum,

280 1444 547 1498 sanctificate
569 1444 803 1496 ecclesiam,
835 1444 1083 1486 coadunate
1113 1458 1249 1496 senes,
1280 1447 1540 1499 con92·e9ate
1565 1440 1777 1495 parvulos

111 1507 317 1550 Es.58,1.et
347 1507 548 1556 suyentes
579 1501 726 1543 ubera.
775 1500 833 1542 Et
852 1501 1027 1542 iterum:
1062 1498 1229 1553 Clama,
1259 1515 1313 1542 tne
1344 1513 1494 1552 cesses,
1525 1497 1656 1553 quasi
1673 1496 1778 1539 tuba

70 1567 75 1574 '
278 1556 427 1598 eoealta
456 1571 598 1598 vocem
627 1563 761 1609 tuam,
803 1563 841 1598 et
871 1557 1096 1598 annuntia
1119 1555 1289 1612 populo
1320 1570 1408 1597 meo
1439 1553 1601 1596 scelera
1631 1567 1778 1594 eorum

279 1619 317 1655 et
337 1613 489 1655 domui
512 1613 641 1654 Iacob
665 1619 851 1668 peccata
872 1627 1031 1664 eorum,
1063 1610 1169 1653 dicit
1198 1611 1394 1652 dominus
1416 1610 1549 1654 Deus.
1599 1607 1779 1664 Legitur

281 1682 452 1724 quoque
486 1669 531 1709 in
568 1667 677 1710 libro
714 1668 899 1710 Romani
936 1667 1098 1709 ordinis
1113 1675 1140 1720 ¹,
1188 1667 1289 1723 quia
1327 1666 1431 1708 ordo
1475 1665 1779 1707 scrutiniorum

281 1730 434 1780 quarta
469 1723 576 1765 feria
611 1724 762 1766 tertiae
806 1725 851 1765 in
890 1723 1222 1780 quadragesima
1263 1721 1559 1764 hebdomadae
1602 1727 1779 1786 propter

279 1794 417 1822 novae
448 1779 612 1822 scilicet
640 1780 973 1835 regenerationis
1004 1777 1282 1821 candidatum
1311 1778 1503 1819 initiatur
1537 1783 1579 1819 et
1608 1792 1654 1818 1n
1683 1776 1778 1819 sab·
1848 1802 1851 1804 >

278 1836 380 1878 bato
411 1842 556 1878 sancto
588 1850 746 1892 pascae
775 1835 935 1890 finitur,
965 1840 1013 1877 ut
1042 1834 1276 1877 secundum
1305 1834 1487 1876 formam
1509 1833 1532 1875 7
1565 1832 1776 1875 donorum

280 1892 466 1948 Spiritus
497 1893 633 1934 sancti
654 1892 678 1933 7
701 1893 908 1934 scrutinia
936 1897 980 1934 et
1007 1890 1189 1934 totidem
1211 1890 1459 1942 oblationes,
1491 1904 1598 1946 quas
1618 1889 1779 1945 patrini

278 1947 347 1990 vel
376 1949 585 1990 matrinae
616 1963 693 2004 pro
725 1947 871 1992 electis
898 1948 1101 1991 iubentur
1131 1947 1295 2001 offerre,
1328 1945 1634 2002 compleantur.
1691 1945 1778 1988 Sed

280 2011 430 2046 contra
458 2003 577 2046 aliud
606 2019 719 2046 nunc
749 2005 987 2047 instituitur
1015 2004 1095 2047 iter
1155 2017 1255 2044 uam
1285 2003 1340 2045 ad
1360 2001 1647 2059 baptismum3
1676 2016 1777 2044 nam

280 2061 394 2102 circa
423 2059 535 2102 hanc
564 2061 735 2103 tertiam
766 2060 1117 2117 quadragesimae
1177 2058 1462 2101 ebdomadam
1500 2058 1668 2100 canitur
1701 2071 1780 2114 per

280 2116 548 2173 supradictos
587 2117 815 2174 episcopos
853 2118 977 2173 quasi
1013 2115 1213 2158 bellicum
1256 2114 1472 2171 quoddam
1511 2114 1694 2170 signum,
1732 2119 1780 2156 ut

281 2180 546 2229 congregent
587 2173 796 2230 populum
840 2174 1098 2215 constituere
1142 2171 1224 2214 sibi
1267 2186 1414 2227 regem
1457 2185 1632 2213 novum.
1690 2169 1780 2222 Qui

281 2235 395 2271 certe
426 2228 650 2282 Rudolfus,
683 2244 780 2271 cum
809 2229 954 2271 media
983 2228 1327 2286 quadragesima,
1358 2227 1426 2269 die
1456 2225 1618 2269 scilicet
1647 2225 1779 2268 domi-

179 2289 265 2315 1⁰⁷7·
280 2286 390 2339 nica,
432 2300 509 2341 per
549 2285 802 2341 Sigifridum
838 2285 1117 2340 Moguntinae
1157 2282 1362 2325 ecclesiae
1406 2281 1776 2339 archiepiscopum

116 2328 206 2355 ΜΨ·
220 2328 265 2355 ¹⁹·
282 2341 560 2394 ordinaretur,
591 2342 798 2397 sanguine
828 2341 1059 2383 multorum
1087 2340 1307 2382 hominum
1337 2339 1543 2392 initiatur,
1573 2338 1777 2394 quoniam

281 2397 530 2452 Moguntiae
573 2396 711 2453 plebis
755 2396 983 2439 multitudo
1028 2395 1299 2438 conclamans
1343 2400 1472 2451 atque
1517 2400 1776 2436 concurrens

281 2453 336 2494 ad
377 2453 589 2495 eiusmodi
628 2454 847 2495 seditionis
884 2458 1132 2510 portentum
1171 2450 1402 2507 repellitur,
1441 2450 1615 2506 fugatur
1647 2455 1777 2506 atque

282 2509 501 2562 occiditur,
543 2515 585 2551 et
623 2508 818 2562 ecclesia,
854 2509 899 2550 in
938 2522 1023 2564 qua
1055 2507 1169 2549 facta
1198 2513 1262 2549 est
1290 2507 1397 2548 haec
1428 2506 1652 2559 ordinatio,
1683 2521 1778 2548 san-

281 2565 412 2619 guine
442 2566 572 2606 etiam
592 2565 775 2607 violatur
787 2573 817 2606 ².
861 2564 1046 2606 Proinde
1066 2578 1157 2617 vos,
1189 2564 1263 2618 qui
1282 2563 1463 2605 tremitis
1494 2562 1550 2604 ad
1568 2561 1776 2604 iudicium

281 2621 472 2673 Domini,
503 2620 707 2662 attendite
738 2620 917 2663 obsecro
946 2620 1151 2662 iudicium
1180 2619 1371 2661 Domini.
1419 2619 1655 2675 Postquam
1674 2632 1775 2660 vero

282 2676 351 2718 ille
388 2675 594 2718 Rudolfus
633 2691 711 2719 rex
751 2683 900 2733 quarto
938 2676 1216 2718 ordinationis
1255 2689 1357 2717 suae
1398 2689 1510 2717 anno
1541 2676 1586 2716 in
1612 2673 1775 2731 praelio

285 2809 319 2850 1)
348 2809 445 2842 Ordo
463 2808 643 2842 Romanus
657 2809 739 2850 VII,
758 2808 930 2841 Mabillon
946 2809 1061 2840 Musei
1078 2808 1202 2841 Italici
1219 2813 1304 2842 tom.
1321 2809 1370 2848 II,
1389 2820 1425 2852 p.
1440 2807 1500 2842 82,
1552 2807 1590 2850 2)
1611 2808 1665 2841 Cf.
1685 2808 1775 2840 Bru-

281 2867 411 2890 nonem
431 2857 475 2890 de
495 2857 590 2890 bello
610 2858 691 2891 Sax.
710 2857 789 2900 (SS.
810 2859 853 2898 V,
872 2857 957 2890 365.
983 2860 1018 2890 et
1035 2856 1142 2899 366);
1170 2858 1215 2891 cf.
1235 2857 1325 2890 Paul
1344 2856 1529 2891 Bernried.
1557 2856 1773 2898 (Watterich

283 2906 354 2940 Vit.
382 2906 508 2950 pontif.
535 2906 565 2947 I,
592 2918 625 2950 p.
653 2905 753 2949 531).
