1878 3308
102 1267 213 1296 1.Petr.
224 1266 301 1299 2,17.

141 1359 167 1384 1.
179 1356 261 1382 Petr.
275 1355 303 1388 2,

149 1397 274 1423 13—17.

321 243 365 274 10
578 241 643 273 DE
670 239 882 273 UNITATE
909 238 1182 272 ECCLESIAE
1211 238 1576 272 CONSERVANDA.

329 354 430 396 Vivo
453 368 543 410 eqo,
575 353 682 394 dicit
703 351 935 404 Dominus,
967 352 1175 407 quoniam
1200 351 1508 403 iuramentum,
1539 350 1656 406 quod
1686 364 1805 405 spre-

317 411 392 463 vit,
432 415 470 451 et
503 414 707 465 pactum,
749 409 863 463 quod
894 407 1242 463 praevaricatus
1281 413 1353 459 est,
1385 421 1553 462 ponam
1593 408 1642 448 in
1677 412 1810 461 caput

318 467 453 508 eiu-⁴3¹.

429 522 467 563 5.
529 519 732 575 Sequitur
768 519 813 559 in
853 518 1098 575 supradicta
1130 516 1393 559 Hildibranti
1430 531 1570 574 papae
1599 518 1810 574 scriptura

316 576 527 620 eiusmodi
561 575 865 628 testimonium,
906 574 1023 631 quod.
1058 573 1214 630 legitur
1249 574 1293 615 in
1322 572 1430 615 libro
1461 573 1514 616 de
1544 574 1809 616 ordinatione

317 634 454 675 sancti
484 631 729 684 Clementis,
768 630 941 673 beatum
972 631 1147 672 Petrum
1186 629 1373 672 dixisse²
1413 628 1469 671 ad
1496 644 1553 686 po
1586 629 1717 683 ulum,
1747 636 1807 678 ut,

316 690 351 731 si
386 688 582 745 pontifex
611 688 830 729 Romanus
869 686 995 728 alicui
1031 686 1219 728 offensus
1249 685 1377 727 fuerit
1404 699 1482 742 pro
1512 684 1564 728 de
1582 686 1678 729 ictis
1708 685 1808 738 suis,

316 745 447 787 ceteri
485 759 572 786 non
610 743 795 786 debeant
833 744 871 786 ei
913 757 1005 785 esse
1041 743 1168 784 amici
1203 741 1275 784 vel
1304 756 1403 784 eum
1441 740 1614 799 alloqui,
1648 741 1809 798 alioqui

316 816 448 843 unum
469 815 562 843 esse
593 815 649 842 ex
668 798 764 853 illis,
796 799 871 855 qui
901 800 1185 842 exterminare
1211 798 1359 840 volunt
1387 796 1612 840 ecclesiam
1634 797 1808 851 Christi,

344 857 507 914 uisquis
551 856 716 898 amicus
760 855 890 898 fuerit
932 855 972 898 ei
1010 855 1084 911 qui
1122 861 1187 897 est
1224 853 1483 896 huiusmodi.
1551 852 1678 896 Certe
1722 867 1808 895 non

315 872 426 955 gixit
464 912 545 954 hoc
590 913 740 955 beatus
777 912 930 954 Petrus
969 911 1022 954 de
1063 910 1254 968 quolibet
1290 925 1391 967 rege
1435 908 1502 953 vel
1540 910 1809 967 imperatore,

315 971 391 1012 sed
428 984 505 1026 per
542 969 648 1011 haec
683 968 786 1009 facit
826 966 1060 1025 quemlibet
1095 968 1148 1010 de
1178 966 1305 1009 turba
1334 965 1485 1023 populi
1514 966 1640 1009 citius
1668 965 1808 1008 redire

313 1026 370 1067 ad
400 1025 732 1067 satisfactionem
764 1024 1063 1080 poenitentiae,
1093 1023 1263 1080 quando
1293 1023 1450 1066 viderit
1485 1037 1537 1065 se.
1561 1022 1809 1065 destitutum

315 1096 408 1124 esse
438 1082 675 1123 amicorum
706 1095 880 1122 suorum
911 1081 1127 1134 societate,
1158 1078 1370 1136 colloquio
1401 1085 1444 1121 et
1470 1093 1629 1122 amore.
1682 1078 1808 1130 Nam,

317 1144 363 1179 ut
393 1137 627 1194 quemlibet
658 1136 936 1178 christianum
965 1150 1110 1192 regem
1140 1135 1545 1191 praetermittamus,
1576 1149 1676 1177 eece
1706 1133 1811 1191 quid

316 1208 394 1251 pro
431 1193 686 1249 impiissimo
727 1194 855 1234 etiam
893 1192 1063 1234 Nerone
1101 1192 1248 1234 scribit
1290 1192 1385 1248 ipse
1421 1197 1595 1233 sanetus
1633 1191 1807 1233 Petrus:

316 1251 458 1292 Deum
494 1251 644 1302 timete,
682 1264 824 1306 regem
863 1249 1160 1302 honorificate,
1199 1246 1361 1290 scilicet
1398 1253 1445 1288 ut
1479 1248 1524 1288 in
1562 1247 1644 1289 hoc
1680 1246 1808 1289 timor

317 1306 401 1348 Dei
442 1304 756 1361 comprobetur,
789 1306 825 1347 si
865 1304 1044 1361 quilibet
1070 1319 1149 1346 rex
1185 1303 1502 1345 honorificetur.
1565 1302 1807 1355 Cari-ssimi,

316 1362 468 1419 inquit,
487 1362 667 1404 subiecti
686 1367 812 1404 estote
833 1362 951 1403 omni
977 1361 1195 1403 humanae
1216 1366 1440 1402 creaturae
1453 1365 1639 1415 propter
1652 1359 1808 1411 Deum,

317 1420 404 1461 sive
445 1420 554 1474 reqi,
594 1419 724 1474 quasi
754 1416 1052 1473 praecellenti,
1090 1418 1178 1458 sive
1208 1416 1405 1468 ducibus,
1434 1422 1645 1471 tanquam
1677 1414 1730 1456 ab
1761 1429 1808 1457 eo

315 1476 459 1517 missis
498 1475 558 1515 ad
598 1474 837 1515 vindictam
874 1472 1217 1528 malefactorum,
1254 1471 1428 1513 laudem
1457 1486 1554 1513 vero
1586 1471 1808 1523 bonorum,

317 1532 422 1586 quia
470 1531 531 1572 sic
581 1530 784 1572 voluntas
822 1529 908 1571 Dei
950 1535 1023 1580 est,
1072 1535 1120 1569 ut
1168 1527 1479 1583 benefacientes
1529 1527 1809 1569 obmutescere

302 1587 498 1643 faciatis
527 1586 871 1641 imprudentium
900 1586 1122 1627 hominum
1150 1585 1467 1680 iquorantiam,
1507 1584 1638 1640 quasi
1670 1581 1808 1635 liberi,

144 1811 169 1837 1.
181 1810 260 1836 Tim.
274 1810 301 1843 2,

176 1850 262 1877 1—4.

119 2104 205 2130 Rom.
218 2103 264 2137 13,
277 2104 305 2130 1.

104 2216 215 2248 LPetr.
228 2216 303 2249 2‚14.

317 1648 354 1684 et
376 1657 464 1684 non
496 1643 626 1696 quasi
655 1641 846 1683 velamen
868 1640 1069 1682 babentes
1099 1641 1291 1681 maitiae
1310 1639 1563 1692 libertatem,
1593 1639 1667 1680 secl
1697 1639 1809 1680 sicut

316 1699 432 1740 servi
468 1698 568 1739 Dei.
626 1697 780 1738 Omnes
822 1697 1043 1746 honorate,
1069 1695 1402 1751 fraternitatem
1440 1695 1622 1750 diliqite,
1665 1694 1808 1736 Deum

315 1756 467 1805 timete,
498 1768 640 1809 reqem
671 1753 966 1807 honorificate.
1005 1751 1063 1793 Et
1087 1751 1238 1793 beatus
1269 1751 1439 1807 quidem
1461 1749 1680 1807 apostolus
1699 1750 1808 1792 Pau·
1854 1785 1856 1787 .

315 1809 402 1851 lus:
441 1809 638 1861 Obsecro,
670 1808 821 1865 inquit,
845 1809 992 1863 primo
1016 1809 1207 1850 omnium
1226 1806 1334 1861 fleri
1356 1807 1678 1860 obsecrationes,
1709 1821 1806 1848 ora-

316 1868 465 1918 tiones,
489 1865 820 1920 postulationes,
851 1865 1101 1920 qratiarum
1132 1864 1324 1906 actiones
1346 1878 1435 1918 pro
1457 1863 1651 1905 omnibus
1673 1863 1806 1904 bomi-

317 1922 460 1973 nibus,
494 1936 579 1976 pro
618 1921 794 1976 reqibus
833 1926 871 1961 et
901 1920 1098 1961 omnibus
1137 1921 1213 1975 qui
1249 1921 1298 1961 in
1329 1919 1584 1961 sublimitate
1615 1925 1728 1971 sunt,
1760 1924 1807 1959 ut

317 1979 507 2034 quietam
544 1984 582 2018 et
617 1976 905 2032 tranquillam
943 1977 1077 2018 vitam
1116 1990 1302 2031 agamus
1339 1976 1388 2017 in
1429 1976 1546 2017 omni
1573 1976 1732 2030 pietate
1772 1981 1810 2016 et

317 2035 538 2086 castitate;
569 2034 646 2075 boc
676 2035 790 2074 enim
820 2033 978 2074 bonum
1007 2038 1045 2074 et
1076 2038 1297 2086 acceptum
1329 2037 1389 2072 est
1418 2046 1565 2073 coram
1593 2029 1809 2072 salvatore

317 2096 462 2132 nostro
479 2090 586 2142 Deo,
619 2091 696 2145 qui
717 2103 861 2131 omnes
882 2089 1075 2130 homines
1105 2087 1196 2129 vult
1225 2086 1368 2130 salvos
1388 2087 1497 2141 fieri
1525 2093 1563 2128 et
1592 2087 1652 2128 acl
1682 2100 1707 2127 a
1741 2087 1808 2128 ni-

317 2147 476 2188 tionem
522 2146 716 2187 veritatis
764 2147 924 2186 venire.
982 2144 1086 2186 Non
1127 2145 1241 2185 enim
1273 2150 1466 2198 potestas
1504 2144 1596 2185 nis-i
1634 2158 1663 2184 a
1691 2102 1808 2195 gem·

318 2217 428 2258 quae
459 2208 599 2243 autem
629 2207 742 2254 sunt,
775 2201 985 2242 ordinata
1015 2205 1116 2241 sunt
1147 2215 1175 2241 a
1205 2200 1311 2252 Deo,
1353 2199 1413 2240 ad
1449 2199 1690 2240 vindictam
1720 2199 1810 2252 qui-

318 2258 411 2299 clem
441 2256 668 2309 malorum,
699 2256 872 2298 laudem
901 2270 999 2297 vero
1029 2256 1250 2297 bonorum.
1300 2254 1358 2296 Et
1387 2260 1526 2296 cetera
1556 2268 1664 2310 quae
1695 2253 1811 2295 dicta

317 2319 417 2355 sunt
457 2327 600 2368 supra.
660 2312 746 2354 Sed
789 2310 874 2352 alia
912 2325 1027 2352 nunc
1065 2311 1272 2365 inscripta
1309 2317 1408 2352 sunt
1446 2309 1618 2351 decreta
1661 2315 1811 2351 contra

316 2384 475 2424 regem,
506 2369 636 2410 immo
663 2374 810 2410 contra
830 2367 914 2408 Dei
935 2366 1256 2418 ordinationem,
1287 2373 1346 2419 ut,
1378 2366 1413 2407 si
1442 2365 1636 2421 pontifex
1656 2364 1810 2407 Roma-

318 2439 398 2466 nus
428 2426 521 2480 regi
551 2424 738 2466 offensus
766 2423 894 2465 fuerit
923 2437 1002 2479 pro
1022 2421 1188 2465 delictis
1218 2422 1318 2475 suis,
1350 2421 1482 2463 ceteri
1509 2436 1595 2463 non
1625 2419 1812 2463 debeant

319 2481 357 2522 ei
395 2495 486 2522 esse
526 2481 666 2533 amici,
702 2478 770 2521 vel
803 2494 900 2521 eum
930 2478 1112 2535 alloqui3
1153 2477 1312 2534 alioqui
1341 2492 1475 2520 unum
1505 2492 1599 2520 esse
1628 2491 1685 2520 ex
1713 2476 1810 2530 illis,

320 2537 394 2592 qui
431 2536 715 2578 exterminare
754 2535 904 2577 volunt
939 2534 1162 2577 ecclesiam
1201 2533 1374 2587 Christi,
1415 2534 1608 2590 quisquis
1646 2533 1810 2575 amicus

323 2676 356 2717 1)
385 2675 440 2708 Of.
463 2685 542 2707 cum
561 2679 635 2708 toto
662 2676 730 2708 hoc
750 2676 867 2718 capite
887 2675 1077 2718 epistulam
1094 2674 1272 2707 Theoderi
1286 2673 1520 2707 virdunensis
1539 2673 1586 2706 ad
1605 2673 1807 2716 Greg.VII.

318 2724 495 2765 (Martene
531 2727 566 2756 et
600 2724 760 2763 Durand,
801 2724 1003 2757 Thesaurus
1039 2734 1162 2764 novus,
1194 2723 1225 2762 Ι,
1257 2733 1291 2766 p.
1320 2721 1529 2764 219—227)
1569 2725 1605 2754 et
1637 2722 1808 2764 scriptum

321 2772 455 2806 cardin.
481 2773 713 2812 schismatis,
739 2773 842 2815 epist.
871 2773 1050 2814 sigeberti
1076 2771 1229 2811 Gembl.,
1262 2775 1449 2814 utrumque
1476 2771 1679 2810 widonem,
1713 2770 1809 2802 Petri

321 2821 442 2854 Crassi
467 2822 650 2864 scriptum.
727 2821 767 2864 2)
793 2821 957 2863 Epistula
978 2821 1171 2854 Clementis
1198 2820 1244 2852 ad
1269 2820 1452 2861 Iacobum,
1478 2819 1673 2852 Hinschius
1694 2829 1728 2861 p.
1749 2818 1808 2850 36.
