1878 3308
94 979 273 1013 Ioh.14,27.

132 2255 192 2281 Iac.
209 2256 235 2286 3,
247 2256 272 2281 1.

71 2361 274 2395 Matthesno.

284 277 333 310 40
531 277 599 310 DE
619 273 842 318 ,UNITATE
869 271 1141 306 ECCLESIAE
1170 271 1537 306 CONSERVANDA.

285 392 361 426 iam
393 392 514 426 dicunt
547 391 720 431 vitiosam,
755 389 845 423 sicut
874 388 979 431 prius
996 388 1127 431 fuerat
1162 386 1395 430 disputatum,
1419 389 1482 422 sed
1507 387 1597 423 sicut
1621 389 1714 424 ratio
1741 401 1784 424 ex

287 441 358 475 illis
383 441 641 485 definitionibus
675 449 834 472 connexa
860 436 1047 478 docuisset,
1074 435 1214 469 omnino
1239 436 1376 470 nullam
1401 448 1473 471 esse
1497 449 1571 472 rem
1588 438 1783 482 publicam,

288 490 456 533 quoniam
481 501 552 522 non
578 493 664 522 esset
691 499 744 520 res
775 485 913 529 populi,
949 497 1026 518 cum
1057 489 1231 528 tyrannus
1265 496 1342 519 eam
1357 485 1545 529 factiove³
1567 492 1783 531 capesseret,

289 550 352 573 nec
377 538 450 581 ipse
471 538 628 581 populus
655 536 727 569 iam
747 536 904 578 populus
923 538 1021 574 esset,
1047 533 1079 566 si
1105 538 1191 567 esset
1216 533 1380 576 iniustus,
1406 534 1575 578 quoniam
1598 547 1670 570 non
1696 541 1784 571 esset

290 587 475 621 multitudo
503 586 589 620 iuris
616 595 786 619 consensu
819 588 850 617 et
886 583 1046 616 utilitatis
1079 582 1319 617 communione
1345 583 1490 625 sociata,
1515 584 1606 619 sicut
1623 586 1794 630 populus>

279 642 409 686 fuerat
435 641 608 684 definitus.
657 629 796 684 Igitur
815 628 925 671 duae
947 628 1142 670 civitates
1173 628 1218 668 in
1248 627 1382 670 Sacra
1413 629 1640 686 Scriptura
1669 644 1784 673 eom-

290 685 557 739 mendantur,
577 699 662 727 una
681 685 780 739 Dei,
809 683 942 727 altera
962 682 1143 738 diaboli3
1174 682 1245 725 illa
1264 698 1342 740 per
1361 684 1634 729 Hierusalem
1653 686 1783 742 signi-

289 743 454 795 ficatur,
485 741 741 798 metropolin
803 740 920 797 opuli
948 739 1048 794 Dei,
1077 739 1182 782 haee
1213 754 1290 796 per
1318 740 1600 798 Babylonem,
1629 749 1785 786 metro-

289 797 407 855 polin
435 798 628 853 gentium
658 811 777 854 popu
795 811 820 838 ο
851 797 934 839 Dei
965 810 1134 852 semper
1163 795 1475 851 adversariam3
1504 803 1635 855 atque
1670 797 1783 853 ideo,

290 854 491 910 quoniam
522 853 794 896 Hierusalem
822 853 931 895 visio
962 853 1083 909 pacis
1111 852 1426 909 interpretatur,
1457 868 1545 919 pax
1572 869 1650 910 per
1669 855 1785 898 cives

288 916 416 966 atque
453 909 715 952 domesticos
745 908 982 966 Babylonis
1020 907 1307 963 confunditur,
1344 924 1547 965 quomam
1586 909 1784 967 Babylon

288 966 480 1008 confusio
530 966 847 1022 interpretatur.
905 965 1074 1018 Pacem,
1123 965 1264 1021 inquit
1307 965 1535 1018 Dominus,
1583 966 1784 1024 relinquo

288 1023 420 1076 vobis,
444 1037 600 1077 pacem
629 1037 767 1064 meam
797 1022 853 1064 do
883 1021 1027 1074 vobis,-
1057 1020 1184 1074 unde,
1215 1021 1251 1062 si
1281 1023 1452 1078 quando
1481 1021 1558 1071 filii
1579 1021 1785 1066 ecclesiae

289 1084 502 1134 coguntur
540 1076 805 1134 belligerare,
843 1091 928 1119 non
965 1076 1046 1118 hoc
1075 1083 1210 1132 agunt
1243 1092 1298 1119 ex
1327 1078 1522 1122 doctrina
1552 1078 1713 1122 Christi
1742 1085 1786 1122 et

287 1133 514 1176 traditione
544 1133 762 1188 ecclesiae,
802 1133 878 1176 sed
917 1147 974 1175 ex
1002 1134 1255 1175 necessitate
1293 1141 1336 1177 et
1365 1136 1564 1192 contagio
1595 1135 1784 1192 quodam
1843 1179 1846 1181 Α

286 1189 523 1247 Babylonis
554 1190 738 1232 civitatis
766 1196 973 1242 terrenae,
1004 1188 1120 1245 apud
1141 1203 1270 1246 quarn
1292 1196 1484 1248 tempore
1513 1190 1785 1235 mortalitatis

289 1260 391 1288 suae
429 1247 761 1302 peregrinantur
797 1244 873 1287 filii
906 1245 1249 1301 Hierosolymae.
1308 1247 1424 1289 Hinc
1451 1248 1606 1291 iterum
1636 1247 1786 1304 Augu-

288 1303 425 1344 stinus
445 1303 491 1344 in
511 1301 759 1358 supradicto
778 1301 888 1344 libro
910 1301 963 1344 de
986 1302 1156 1344 civitate
1177 1301 1280 1343 Dei:
1332 1313 1565 1356 Christianae,
1600 1304 1741 1361 inquit
1755 1313 1783 1358 ¹,

288 1362 468 1406 reliqionis
491 1367 684 1406 praecepta
713 1363 757 1396 de
792 1361 894 1395 iustis
914 1361 1106 1404 probisque
1130 1362 1286 1395 moribus
1312 1362 1345 1396 si
1368 1362 1474 1397 simul
1493 1363 1661 1398 audirent
1681 1368 1787 1408 atque

289 1416 455 1445 curarent
480 1423 577 1455 reyes
605 1416 720 1445 terrae
745 1415 777 1445 et
802 1421 919 1445 omnes
940 1410 1068 1453 populi
1087 1410 1268 1454 principes
1295 1415 1327 1444 et
1351 1423 1469 1446 omnes
1494 1412 1628 1447 iudices
1657 1418 1786 1456 terrae,

289 1460 432 1494 iuvenes
458 1465 489 1493 et
515 1460 680 1505 virgines,
707 1471 805 1494 senes
831 1471 909 1493 cum
933 1459 1146 1500 iunioribus,
1180 1464 1278 1493 aetas
1305 1460 1416 1494 omnis
1449 1473 1567 1505 capam
1593 1466 1625 1496 et
1640 1466 1787 1505 uterque

291 1520 395 1543 semus
422 1514 454 1542 et
478 1521 564 1551 quos
599 1509 753 1552 baptista
781 1509 961 1542 Iohannes
992 1508 1183 1551 alloquitur
1215 1514 1393 1543 exactores
1424 1509 1494 1553 ipsi
1519 1514 1623 1554 atque
1647 1511 1787 1554 milites,

290 1562 372 1590 tunc
398 1562 429 1590 et
455 1562 567 1591 terras
593 1558 687 1592 vitae
706 1557 906 1600 praesentis
932 1561 1075 1590 ornaret
1098 1569 1167 1590 sua
1182 1558 1358 1600 felicitate
1383 1569 1438 1591 res
1458 1559 1607 1602 publica
1631 1564 1663 1594 et
1691 1560 1786 1595 vitae

291 1611 454 1640 aeternae
481 1606 616 1639 culmen
643 1605 839 1640 beatissime
864 1610 1058 1649 reynatura
1084 1607 1338 1640 conscenderet.
1384 1606 1458 1641 Sed
1474 1607 1562 1651 quia
1585 1608 1649 1642 iste
1671 1609 1786 1652 audit,

289 1654 348 1688 ille
383 1654 576 1695 contemnit,
605 1655 797 1697 pluresque
831 1654 925 1687 vitiis
951 1655 1042 1688 male
1073 1654 1334 1689 blandientibus
1366 1668 1473 1698 quam
1505 1657 1585 1691 utili
1616 1657 1788 1692 virtutum

291 1709 475 1751 asperitati
507 1713 589 1742 sunt
615 1708 808 1750 amiciores,
842 1710 1002 1749 tolerare,
1029 1699 1178 1755 lanit,
1206 1710 1334 1743 Christi
1348 1711 1487 1754 famuli
1510 1712 1686 1754 iubentur,
1713 1713 1786 1747 sive

290 1757 360 1791 sint
385 1769 493 1801 reyes,
520 1758 592 1791 sive
607 1757 803 1800 principes,
829 1757 902 1790 sive
919 1757 1064 1799 iudices,
1091 1758 1164 1792 sive
1188 1759 1325 1800 milites,
1351 1759 1423 1793 sive
1434 1760 1684 1804 provinciales,
1711 1762 1787 1796 sive
1851 1793 1854 1795 .

290 1805 426 1848 divites,
462 1806 535 1840 sive
563 1817 755 1849 pauperes,
787 1805 861 1839 sive
887 1805 997 1847 liberi,
1033 1807 1107 1841 sive
1138 1807 1241 1848 servi,
1276 1805 1498 1842 utriuslibetb
1531 1820 1649 1853 sexus,
1680 1810 1787 1844 etiam

282 1854 486 1898 pessimam,
508 1855 539 1888 si
564 1855 615 1888 ita
639 1866 777 1889 necesse
803 1859 863 1896 est,
879 1854 1263 1899 flagitiosissimamque
1288 1867 1361 1890 rem
1381 1857 1573 1900 publicam,
1600 1863 1632 1892 et
1655 1858 1694 1892 in
1719 1859 1788 1893 illa

289 1904 493 1947 anyelorum
526 1904 685 1946 quadam
717 1903 942 1937 sanctissima
975 1909 1078 1947 atque
1111 1905 1362 1949 augustissima
1387 1905 1720 1951 curia'caelestique
1745 1919 1785 1942 re

282 1952 440 1994 publica,
468 1951 529 1985 ubi
544 1952 616 1985 Dei
640 1953 804 1986 voluntas
830 1952 887 1986 lex
912 1956 972 1994 est,
999 1953 1231 1987 clarissimum
1255 1953 1324 1987 sibi
1347 1955 1460 1988 locum
1477 1955 1581 1989 etiam
1604 1956 1675 1990 ista
1701 1957 1784 1991 tole·

286 2005 409 2039 rancia
433 2017 651 2049 comparare.
715 1996 845 2050 Quod
881 1997 973 2053 ipse
1013 2005 1229 2054 praestare
1259 1998 1459 2054 dignetur
1497 2001 1571 2057 qui
1606 2001 1715 2044 vivit
1743 2008 1787 2046 et

285 2058 438 2107 regnat
466 2051 587 2094 Deus
617 2066 695 2109 per
724 2054 869 2095 omnia
899 2053 1072 2096 saecula
1101 2053 1385 2097 saeculorum!
1430 2056 1584 2099 Amen.

906 2170 1085 2214 LIBER
1113 2173 1173 2215 II.

404 2237 440 2278 1.
498 2237 644 2280 Nolite
680 2237 837 2294 plures
883 2241 1086 2296 magistri
1116 2241 1225 2295 fieri
1246 2240 1423 2296 fratres
1457 2243 1552 2295 mei,
1589 2243 1784 2296 scientes,

317 2294 499 2335 uoniam
527 2294 674 2335 maius
695 2295 910 2337 iudicium
940 2297 1122 2350 sumitis,
1154 2297 1263 2338 sicut
1288 2296 1392 2339 dicit
1410 2296 1594 2340 Iacobus
1614 2304 1784 2355 aposto-

302 2362 351 2389 us
395 2363 451 2390 ex
494 2347 688 2391 doctrina
723 2350 886 2392 domini
922 2358 965 2394 et
1005 2350 1237 2394 Salvatoris
1275 2353 1430 2394 nostri:
1485 2354 1586 2408 Vos,
1629 2354 1674 2396 in
1706 2356 1785 2409 uit,

289 2403 420 2446 nolite
460 2407 611 2448 vocari
647 2406 786 2459 rabbi,
824 2422 942 2448 unus
979 2414 1039 2450 est
1068 2409 1183 2451 enim
1212 2409 1420 2464 maqister
1448 2416 1597 2452 vester.
1655 2367 1783 2454 [inde

288 2459 556 2514 Augustinus
587 2461 631 2503 in
659 2461 768 2504 libro
790 2463 863 2519 qui
883 2463 1181 2519 praetitulatur
1205 2464 1258 2507 de
1278 2465 1512 2520 magistro²
1544 2465 1786 2522 disputans,

289 2528 496 2570 quaerens
527 2523 570 2559 et
598 2518 832 2572 inveniens,
864 2520 1116 2575 magistrum
1145 2535 1230 2563 non
1257 2535 1363 2574 esse,
1394 2521 1466 2578 qui
1497 2522 1623 2564 docet
1649 2522 1784 2564 homi-

289 2585 387 2613 nem
417 2571 652 2627 scientiam,
689 2575 771 2616 nisi
800 2575 965 2618 Deum:
1011 2586 1214 2631 Magistros,
1248 2576 1400 2634 inquit,
1435 2587 1560 2631 plures
1594 2591 1676 2622 tunc
1697 2587 1787 2632 fieri

290 2694 320 2730 a.)
342 2697 384 2722 ita
406 2697 500 2730 Au9.;
522 2699 658 2726 factione
681 2702 710 2727 1.
829 2701 861 2736 b)
884 2703 926 2729 ita
946 2696 1044 2736 A'uq.;
1065 2703 1302 2735 utriusquelibet
1323 2704 1350 2731 1.

291 2800 328 2846 1)
353 2802 573 2845 Aug-ustinus
598 2806 791 2851 ibidem-p.
815 2810 873 2842 47.
951 2809 989 2853 2)
1016 2810 1120 2843 Haec
1146 2811 1256 2843 verba
1280 2811 1317 2843 in
1342 2813 1419 2844 toto
1445 2810 1509 2844 illo
1537 2810 1582 2844 de
1610 2811 1785 2853 magistro

289 2849 433 2894 dialogo
460 2851 597 2896 (Opera
623 2855 654 2896 Ι,
681 2867 716 2899 p.
744 2856 831 2900 541)
857 2868 927 2891 non
962 2859 1200 2901 inveniuntur,
1227 2869 1344 2903 neque
1379 2861 1533 2899 omnino,
1565 2863 1605 2893 ut
1628 2859 1785 2899 videtur,

288 2899 383 2943 apud
409 2901 657 2944 Augustinum.
