1878 3308
281 273 302 306 2
535 274 602 306 DE
631 273 841 307 UNITATE
868 273 1140 307 ECCLESIAE
1167 273 1533 308 CONSERVANDA.

281 385 412 427 fuisse
443 385 678 441 Gregorius
719 400 845 441 papa,
884 386 957 441 qui
988 393 1029 428 et
1057 385 1315 439 Hildibrant,
1344 385 1514 428 videtur
1543 383 1775 442 aliquibus,

283 440 401 498 quod,
428 455 504 482 nos
535 456 614 483 nec
643 441 902 483 affirmamus
932 456 1012 483 nec
1041 442 1273 495 renuimus,
1304 441 1378 484 sed
1399 441 1525 483 huius
1549 441 1612 483 rei
1637 454 1773 483 secre-

282 504 374 539 tum
411 497 557 539 divino
594 497 752 539 iudicio
788 496 1089 554 relinquimus,
1126 498 1228 554 quia
1264 511 1379 539 nunc
1417 496 1479 539 ibi
1516 497 1771 539 constitutus

283 559 346 595 est
384 559 484 609 post
525 553 715 610 corporis
754 553 880 595 huius
918 553 1241 610 depositionem,
1281 554 1356 596 ubi
1396 553 1474 595 sub
1503 552 1646 595 iudice
1676 553 1773 595 Deo

282 610 445 664 recepit
482 609 604 651 iuxta
643 609 782 652 meriti
818 611 885 651 sui
922 609 1182 666 qualitatem.
1240 608 1405 651 Tamen
1442 608 1597 651 dicturi
1626 623 1773 651 sumus
1812 616 1813 619 ’

283 679 422 721 pauca
461 664 513 707 de
550 665 720 720 scriptis
759 664 886 719 illius,
924 674 983 719 ut,
1028 665 1093 707 his
1132 679 1183 707 ea
1220 679 1305 721 qua
1344 671 1512 720 oportet
1553 663 1777 721 diligentia

283 722 534 777 perspectis,
570 727 764 763 teneatur
802 721 956 763 modus
992 721 1250 763 defensionis
1281 722 1466 778 partium
1495 720 1642 776 ipsius,
1671 734 1775 777 quo-

283 777 412 831 niam,
450 777 562 819 sicut
591 777 764 820 scribit¹
802 786 974 820 sanctus
1006 776 1248 834 Cyprianus
1285 777 1528 833 episcopus,
1566 777 1775 819 unitatem

284 834 357 889 qui
393 846 479 874 non
518 839 645 886 tenet,
681 847 768 875 non
806 841 921 876 tenet
951 834 1090 876 Patris
1131 840 1172 875 et
1201 832 1300 875 Filii
1339 833 1481 887 fidem,
1521 834 1652 875 vitam
1689 846 1775 874 non

284 895 401 931 tenet
431 895 473 930 et
501 889 693 931 salutem.

395 945 436 987 2.
493 945 632 1000 Igitur
660 945 854 987 Romana
890 944 1071 987 ecclesia
1101 951 1236 987 mater
1266 951 1330 987 est
1359 945 1549 986 omnium
1581 942 1776 986 ecclesia-

284 1015 393 1054 rum,
433 1015 543 1064 quae
581 999 746 1042 faciunt
783 1016 913 1043 unam
953 1001 1205 1043 catholicam
1245 1000 1484 1055 ecclesiam,
1519 1006 1562 1042 et
1590 999 1779 1055 dignitas

284 1057 467 1098 Romam
500 1057 686 1098 nominis
726 1071 774 1098 ca
807 1065 854 1099 ut
893 1057 960 1099 vel
997 1057 1170 1099 domina
1206 1056 1363 1098 dicitur
1400 1055 1671 1113 populorum,
1702 1055 1778 1112 qui

284 1113 499 1167 pertinent
526 1111 582 1154 ad
607 1113 747 1169 ipsam
766 1072 962 1167 Romam,
993 1127 1102 1169 quae
1124 1126 1221 1154 cum
1249 1114 1305 1155 sit
1323 1112 1471 1166 libera,
1501 1112 1606 1154 facit
1635 1112 1779 1165 etiam,

285 1174 333 1209 ut
363 1169 447 1210 sint
475 1167 599 1211 liberi
659 1176 838 1225 uotquot
867 1177 966 1212 sunt
995 1170 1075 1212 sub
1098 1168 1302 1211 civilitate
1328 1183 1418 1212 sua.
1461 1167 1577 1210 Hinc
1607 1174 1778 1210 sanctus

287 1223 523 1280 Gregorius
569 1183 760 1267 scribens
809 1225 864 1267 ad
907 1224 1097 1268 Phocam
1141 1226 1494 1281 imperatorem²:
1542 1228 1780 1272 quormetur,

286 1280 438 1336 inquit,
473 1284 545 1317 iam
578 1284 728 1329 singulis
762 1285 826 1317 sub
860 1285 942 1328 iuqo
969 1285 1028 1328 pii
1060 1284 1201 1328 imperii
1235 1285 1375 1318 libertas
1406 1296 1485 1327 sua,
1519 1282 1686 1328 quoniam
1716 1282 1780 1316 hoc

285 1340 378 1372 inter
403 1350 500 1383 reyes
526 1339 680 1383 yentium
712 1345 744 1373 et
769 1340 822 1372 rei
840 1340 1035 1382 publicaea
1070 1340 1189 1381 distat,
1223 1340 1317 1382 quod
1341 1351 1439 1384 reyes
1462 1339 1619 1383 qemium
1645 1335 1780 1371 domini

286 1399 466 1422 servorum
497 1392 589 1429 sunt,
625 1388 854 1431 imperatores
888 1399 968 1421 vero
1003 1388 1056 1422 rei
1082 1388 1249 1431 publicae
1282 1387 1415 1421 domini
1440 1388 1640 1422 liberorum.
1693 1380 1781 1424 Sed

288 1438 695 1495 Constantinopolis,
738 1453 849 1495 quae
883 1452 997 1481 nova
1026 1439 1163 1481 Roma
1202 1439 1370 1492 dicitur,
1407 1445 1510 1481 tunc
1538 1443 1630 1480 erat
1657 1436 1779 1480 sedes

285 1495 585 1550 imperatoriae
626 1495 859 1551 dignitatis,
899 1494 981 1537 hoc
1020 1495 1080 1537 ita
1117 1495 1338 1538 ordinante
1367 1494 1579 1537 industria
1617 1499 1659 1536 et
1686 1491 1780 1535 reli-

287 1551 414 1606 gione
445 1550 712 1593 Constantini
742 1551 1026 1607 imperatoris,
1056 1558 1103 1593 ut
1130 1557 1252 1594 vetus
1282 1551 1421 1592 Roma
1449 1551 1660 1607 optineret
1695 1549 1778 1606 pri-

288 1613 450 1648 matum
471 1606 696 1662 apostolici
716 1605 887 1648 honoris
915 1613 958 1649 et
976 1622 1089 1648 nova
1108 1607 1308 1649 retineret
1326 1607 1615 1663 principatum
1634 1606 1780 1660 regiae

288 1662 535 1715 maiestatis,
574 1668 621 1703 ut
657 1662 719 1703 sic
755 1670 891 1704 mater
932 1669 973 1704 et
1009 1662 1097 1704 filia
1133 1662 1444 1705 concordarent
1485 1662 1529 1705 in
1571 1662 1780 1704 unitatem

290 1716 544 1760 christianae
579 1717 678 1760 fidei
717 1724 758 1759 et
795 1717 1026 1773 religionis.
1085 1719 1318 1775 Postquam
1362 1724 1504 1760 autem
1549 1717 1780 1773 degenera-

289 1779 444 1815 verunt
471 1787 607 1815 novae
635 1772 747 1815 illius
767 1773 928 1815 Romae
957 1775 1249 1830 imperatores,
1280 1775 1385 1817 facti
1412 1773 1480 1816 vel
1508 1772 1685 1816 heretici
1713 1773 1781 1816 vel
1847 1799 1849 1801 ·

289 1829 573 1871 hereticorum
613 1829 857 1872 defensores
898 1831 987 1872 sive
1025 1831 1151 1872 etiam
1188 1830 1421 1873 catholicae
1451 1829 1657 1872 ecclesiae
1718 1844 1780 1871 er-

290 1892 518 1939 secutores,
558 1891 661 1928 tunc
700 1890 836 1927 mater
904 1886 997 1928 uasi
1034 1886 1220 1929 scribere
1258 1887 1400 1943 coepit
1437 1884 1550 1928 filiae
1589 1884 1689 1928 libel
1707 1900 1780 1928 um

289 1941 472 1997 repudii,
505 1947 547 1983 et
567 1941 673 1983 alios
694 1940 802 1983 filios
833 1956 887 1983 no
921 1941 1053 1985 ilitate
1083 1941 1210 1984 simul
1239 1949 1281 1985 et
1300 1943 1457 1985 virtute
1476 1942 1782 1998 prestantiores

289 1996 523 2053 adquisivit
562 1997 657 2046 sibi,
697 2005 743 2040 ut
774 1996 938 2040 Galliae
975 2005 1017 2041 et
1046 1997 1304 2040 Germaniae
1335 1997 1485 2055 populi
1514 1998 1598 2040 sint
1634 2003 1676 2040 et
1703 1997 1782 2039 filii

291 2060 332 2095 et
353 2053 467 2095 cives
487 2053 566 2107 sui,
594 2060 722 2110 atque
748 2068 871 2110 reges
901 2068 1048 2096 earum
1078 2057 1356 2110 imperatores
1386 2055 1472 2096 sint
1498 2053 1781 2110 reipublicae

291 2115 334 2151 et
372 2109 590 2151 Romanae
627 2109 831 2152 ecclesiae
867 2110 1050 2166 patricii.
1111 2111 1236 2153 Unde
1274 2110 1468 2167 legitur³,
1514 2109 1781 2166 Stephanum

290 2178 446 2221 papam
469 2168 637 2207 venisse
666 2165 722 2207 ad
741 2180 886 2221 regem
906 2166 1139 2222 Pippinum
1171 2172 1213 2209 et
1231 2166 1473 2223 postulasse
1492 2166 1781 2222 patrocinium

291 2221 382 2262 eius
427 2227 573 2262 contra
615 2221 879 2263 Haistulfum
926 2237 1072 2277 regem
1115 2221 1498 2278 Longobardorum
1545 2236 1597 2264 ac
1643 2221 1780 2277 ipsius

290 2277 515 2331 patrocinii
544 2277 682 2332 gratia
710 2277 963 2331 decrevisse,
995 2277 1228 2334 quemlibet
1255 2278 1459 2333 deinceps
1483 2292 1629 2333 regem
1648 2278 1781 2320 Fran-

291 2345 439 2373 corum
468 2333 693 2388 patricium
725 2348 818 2376 esse
847 2333 1150 2387 Romanorum,
1179 2334 1291 2376 sicut
1317 2334 1439 2375 verbi
1468 2347 1598 2375 causa
1625 2331 1782 2389 legitur

291 2388 336 2428 in
366 2387 659 2444 chirographis
689 2389 742 2430 de
764 2388 916 2431 Carolo
947 2390 1172 2445 scriptum:
1208 2389 1391 2432 Carolus
1416 2390 1566 2442 qratia
1585 2389 1673 2431 Dei
1701 2404 1780 2432 ‘rex

292 2443 564 2486 Francorum
602 2450 640 2486 et
677 2445 1064 2501 Lonyobardoruwz
1110 2461 1159 2487 ac
1197 2446 1423 2500 patricius
1464 2446 1778 2488 Romanorum.

292 2498 376 2540 Hic
417 2506 482 2541 est
511 2498 702 2552 Carolus,
743 2501 814 2556 qui
851 2501 1014 2556 primus
1055 2516 1110 2542 ex
1138 2500 1402 2542 Francorum
1438 2499 1613 2556 regibus
1647 2501 1781 2558 impe-

291 2561 406 2596 rator
436 2561 500 2596 est
529 2554 761 2609 ordinatus,
792 2556 907 2612 quod
934 2562 982 2598 ut
1008 2555 1140 2608 fieret,
1170 2571 1247 2612 per
1265 2556 1377 2598 illius
1408 2557 1613 2612 temporis
1642 2558 1782 2613 ponti-

291 2609 417 2652 ficem
459 2610 699 2652 Romanum
743 2612 902 2653 invitus
947 2618 1008 2654 est
1051 2612 1280 2666 adductus3
1326 2612 1448 2654 cuius
1491 2613 1619 2655 etiam
1659 2619 1781 2669 pater

291 2665 518 2722 Pippinus,
547 2666 600 2707 de
630 2680 714 2722 quo
744 2682 875 2724 supra
904 2668 1065 2709 dictum
1096 2673 1171 2720 est,
1202 2683 1301 2709 cum
1331 2675 1442 2711 esset
1471 2669 1607 2710 maior
1627 2668 1779 2711 domus

292 2722 337 2762 in
373 2735 506 2777 regno
537 2722 815 2777 Francorum,
851 2722 933 2764 hoc
963 2730 1028 2766 est
1056 2724 1296 2780 praefectus
1326 2723 1484 2780 palatii,
1521 2731 1563 2767 et
1598 2724 1655 2767 ad
1682 2738 1780 2767 eum

291 2833 322 2869 a)
344 2835 544 2867 imperatores
565 2835 630 2861 add.
654 2835 736 2867 arey.

295 2921 331 2964 1)
355 2922 523 2966 Cypriani
540 2934 648 2966 opera
675 2923 731 2956 ed.
750 2923 890 2965 Hartel,
907 2925 1060 2958 Vindob.
1081 2924 1184 2966 1868,
1211 2925 1282 2964 111,
1301 2926 1330 2966 1,
1357 2938 1390 2969 p.
1407 2925 1488 2968 215,
1505 2926 1537 2958 9.
1607 2925 1643 2966 2)
1670 2924 1779 2967 Greg.

292 2982 348 3014 ep.
376 2972 480 3014 XIII,
508 2972 554 3004 34
581 2972 653 3013 (ed.
681 2972 831 3014 Ewald),
930 2972 969 3015 3)
997 2974 1051 3007 cf.
1076 2974 1168 3007 Ann.
1196 2975 1300 3007 Einh.
1327 2985 1360 3007 a.
1381 2975 1463 3007 801.
