1878 3308
334 278 406 311 114
576 277 644 311 DE
670 275 881 311 UNITATE
907 275 1177 310 ECCLESIAE
1205 273 1571 309 CONSERVANDA.

335 389 461 434 Unde
491 403 587 431 cum
616 388 799 432 infidelis
830 387 970 430 adhuc
999 386 1227 429 infideliter
1256 386 1414 443 egisset
1442 393 1483 428 et
1511 386 1693 428 110111111ι
1714 399 1823 427 mar-

336 446 446 501 chio,
475 460 573 488 reus
593 447 748 489 totiens
767 443 948 488 violatae
972 444 1072 486 fidei
1102 450 1144 486 et
1172 443 1305 499 paciS,
1334 442 1599 485 secessionea
1629 440 1824 484 occultis-

367 518 422 545 ue
453 501 559 544 collo
593 502 675 544 uiis
704 500 862 545 bellum
891 506 1152 553 renovasset,
1180 505 1271 541 tum
1300 513 1404 541 vero
1433 497 1503 541 ille
1522 497 1679 541 Hartvi
1737 511 1824 540 non

337 517 485 602 deerat
513 573 567 600 ve
611 558 862 615 imperatori
892 562 1039 599 contra
1068 555 1355 597 marchionem
1385 553 1608 597 militando
1628 568 1680 597 ve
1715 568 1825 595 mar-

338 614 485 658 chioni
520 622 669 658 contra
697 615 999 671 imperatorem
1031 610 1306 654 consulendo.
1365 610 1488 665 Nam,
1521 618 1569 654 ut
1598 610 1651 653 de
1680 609 1825 652 multis

339 671 534 714 dicamus
563 685 716 728 pauca,
748 685 849 713 ecce
879 671 1111 726 imperat-or
1131 667 1358 710 obsederat
1384 667 1666 709 munitionem
1695 680 1827 722 quan-

341 728 441 770 dam
470 727 730 769 marchionis
759 727 804 768 in
833 726 1087 781 Thuringia.
1147 725 1259 766 Tum
1290 729 1331 767 et
1360 724 1452 779 ipse
1481 723 1686 777 vicissim,
1713 722 1825 765 ferro

337 790 380 826 et
398 784 497 840 igne
518 783 747 826 devastans
769 783 1102 838 circumquaque
1122 781 1278 834 omnia,
1300 780 1443 836 coepit
1463 778 1658 822 obsidere
1681 777 1828 822 castel-

338 840 427 882 lum
458 838 826 896 Quittilingeburg
858 839 903 880 in
934 838 1136 891 Saxonia,
1174 837 1251 879 ubi
1289 843 1379 879 erat
1414 836 1669 878 intrinsecus
1708 848 1830 876 soror

338 895 606 952 imperatoris
637 894 762 938 simul
791 902 833 938 et
862 895 952 937 eius
983 908 1153 950 sponsa,
1184 892 1237 936 de
1268 907 1354 949 qua
1384 891 1570 934 diximus
1601 904 1742 947 supra,
1771 889 1828 932 ad

370 966 522 993 uarum
562 966 632 994 ere
664 953 823 994 tionem
862 951 1095 1008 imperator
1133 964 1230 991 cum
1269 949 1456 991 misisset
1499 961 1628 1005 saepe
1666 947 1829 989 dictum

338 967 599 1064 {Iartvigum
655 1014 726 1050 ata
755 1007 838 1049 sibi
866 1013 987 1063 parte
1017 1006 1250 1063 copiarum,
1279 1004 1350 1046 ille
1379 1004 1574 1047 militaris
1603 1004 1830 1060 episcopus

341 1064 499 1106 dicitur
527 1064 753 1106 mandasse
782 1078 861 1120 per
888 1064 1084 1105 nuntium
1115 1077 1241 1104 suum
1270 1060 1520 1115 marchioni,
1559 1065 1607 1102 ut
1633 1074 1721 1101 non
1747 1065 1830 1101 tar-

340 1120 462 1163 daret
488 1121 647 1175 venire,
688 1121 724 1162 si
760 1134 856 1162 cum
887 1120 1143 1176 imperatore
1172 1117 1299 1161 vellet
1359 1131 1520 1173 ugnare
1535 1124 1564 1170 ²,
1594 1115 1710 1173 quod
1738 1121 1829 1158 tuto

339 1182 441 1219 tunc
477 1176 618 1219 facere
655 1182 822 1234 posset,
860 1190 958 1217 cum
987 1176 1071 1216 iam
1101 1174 1157 1217 ab
1188 1188 1237 1217 eo
1266 1133 1447 1216 militum
1476 1171 1703 1215 multitudo
1733 1172 1849 1214 sub-·

339 1238 478 1275 tracta
506 1232 667 1275 fuisset.
720 1232 778 1274 Et
807 1238 855 1274 ut
883 1231 988 1274 nihil
1007 1232 1151 1274 verius
1182 1230 1381 1273 credatur
1410 1243 1539 1287 quam
1569 1228 1832 1285 compositus

340 1289 554 1346 utrimque
585 1287 721 1343 dolus,
758 1302 858 1330 ecce
893 1287 1015 1330 flexit
1042 1288 1156 1330 viam
1194 1287 1431 1343 Hartvigus
1443 1293 1474 1340 ³,
1510 1300 1564 1327 ne
1598 1283 1834 1326 marchioni

340 1345 461 1388 fieret
490 1345 658 1400 obvius,
688 1359 786 1386 cum
816 1344 996 1386 diversis
1025 1343 1248 1386 itineribus
1277 1344 1370 1400 ipse
1400 1341 1594 1384 tenderet
1622 1341 1667 1382 in
1698 1339 1833 1383 Saxo-

340 1402 471 1455 niam,
502 1400 572 1444 ille
601 1408 743 1444 autem
773 1401 818 1442 in
847 1400 1145 1456 Thuringiam,
1176 1399 1251 1441 ubi
1279 1405 1381 1441 tunc
1412 1398 1663 1440 dimicatum
1693 1402 1757 1439 est
1789 1397 1834 1438 in

340 1459 355 1500 i
389 1472 436 1500 sa
477 1458 715 1500 nativitatis
753 1456 931 1499 Domini
969 1455 1142 1512 vigilia,
1187 1470 1296 1512 quae
1339 1461 1441 1497 tunc
1489 1454 1722 1497 obvenerat
1763 1452 1834 1495 die

373 1514 580 1567 ominica‚
621 1513 795 1570 quando
834 1513 1060 1556 terminum
1096 1513 1264 1568 accepit
1293 1526 1430 1553 annus
1459 1509 1515 1553 ab
1544 1509 1834 1553 incarnatione

345 1570 524 1612 Domini
562 1570 684 1613 1088.
742 1570 856 1612 Ecce
894 1570 998 1626 quid
1032 1568 1196 1611 faciunt
1233 1567 1401 1611 hereses
1445 1573 1487 1610 et
1526 1566 1750 1619 scismata,
1788 1570 1835 1607 ut

129 1641 230 1669 enm.
244 1641 290 1675 τε,
303 1641 330 1667 s.
346 1626 463 1669 dicat
481 1627 527 1667 in
546 1626 674 1668 corde
695 1640 771 1667 suo
794 1626 989 1682 cognatio
1011 1639 1158 1667 eorum
1183 1623 1328 1666 simul:
1360 1623 1606 1677 ‘Quiescere
1625 1621 1835 1663 faciamus

347 1696 494 1725 omnes
523 1682 615 1724 dies
646 1683 776 1724 festos
796 1682 882 1724 Dei
911 1695 935 1722 a
965 1681 1119 1723 terra!'
1165 1681 1284 1722 Num
1314 1680 1509 1722 tenebrae
1538 1679 1632 1721 dies
1653 1677 1838 1719 Domini

137 1753 232 1781 Amos
246 1754 274 1788 5,
288 1745 385 1782 met
404 1754 492 1780 non
513 1737 592 1780 Zuoe
612 1744 650 1779 et
670 1738 813 1794 caliyo
844 1744 881 1779 et
902 1753 989 1779 non
1011 1737 1217 1793 splendor
1235 1738 1283 1778 in
1304 1735 1384 1779 ea?
1416 1735 1554 1776 sicutb
1579 1733 1683 1776 dicit
1701 1732 1837 1775 Amos

344 1793 569 1851 propheta.
628 1793 742 1835 Ecce
779 1793 949 1849 quando
989 1791 1166 1848 angelus
1195 1791 1372 1833 Domini
1413 1806 1511 1833 cum
1552 1803 1709 1846 magna
1737 1789 1853 1832 11100·

346 1865 400 1907 ap
435 1851 546 1892 aruit
582 1856 624 1892 et
658 1849 864 1905 gaudium
906 1848 1011 1891 illud
1049 1863 1118 1890 ma
1150 1863 1251 1890 num
1294 1847 1528 1890 nativitatis
1573 1846 1752 1888 Domini
1796 1851 1839 1887 et

349 1865 584 1950 Salvatoris
621 1905 956 1962 euangelizavit,
997 1920 1110 1962 quan
1144 1919 1168 1946 o
1206 1904 1335 1946 etiam
1367 1903 1584 1946 concinuit
1611 1901 1838 1945 multitudo

161 1978 237 2005 Luc.
250 1979 276 2011 2,
288 1978 334 2005 14.
349 1963 525 2006 militiae
566 1962 782 2005 caelestis:
830 1961 984 2005 Gloria
1021 1964 1069 2004 in
1109 1960 1287 2003 excelsis
1317 1961 1411 2003 Deo
1447 1966 1484 2001 et
1517 1960 1567 2002 in
1595 1965 1715 2001 terra
1739 1972 1842 2014 pax

350 2062 380 2098 a)
399 2064 441 2090 ita
461 2064 581 2097 scrip-n,-
603 2064 798 2090 successione
820 2065 846 2091 1.
927 2061 958 2097 b)
981 2063 1026 2089 sic
1048 2063 1074 2089 1.

353 2138 390 2184 1)
432 2140 593 2173 Marchio
635 2140 762 2172 iterum
805 2139 850 2172 ab
885 2140 1099 2182 imperatore
1141 2138 1317 2172 defecisse
1359 2137 1512 2179 videtur,
1555 2136 1650 2180 quod
1687 2136 1839 2169 Bohemi

351 2190 458 2223 etiam
484 2192 557 2222 tum
584 2189 765 2221 marcham
794 2193 1006 2232 occupatam
1033 2188 1203 2221 tenebant
1227 2187 1286 2220 vel
1312 2187 1407 2230 quod
1424 2190 1506 2230 post
1531 2185 1718 2219 decessum
1735 2185 1844 2219 Heri-

350 2238 470 2271 manni
492 2248 511 2270 e
531 2238 687 2271 Saxonia
713 2239 748 2270 in
775 2238 933 2280 Egberto
962 2237 1005 2270 de
1031 2238 1170 2280 integro
1198 2235 1376 2280 cupiditas
1401 2235 1575 2278 regnandi
1603 2234 1838 2268 excitabatur.

352 2286 390 2331 2)
417 2286 544 2319 Nullus
566 2286 657 2320 alius
680 2287 831 2330 scriptor
853 2286 898 2319 de
920 2285 1071 2330 perfidia
1092 2286 1259 2328 Hartvigi
1285 2286 1476 2328 quicquam
1502 2283 1622 2325 tradit,
1649 2284 1717 2316 nisi
1744 2282 1839 2325 quod

351 2337 457 2369 nimis
476 2335 636 2369 obscuris
650 2336 767 2368 verbis
786 2335 874 2368 dicit
890 2335 1091 2368 Bernoldus
1110 2334 1160 2377 (a.
1178 2333 1306 2375 1089):
1325 2333 1538 2377 quebertus
1554 2331 1708 2365 marchio
1725 2330 1843 2364 Hein-

352 2384 464 2417 ricum
490 2389 521 2417 et
546 2395 679 2417 omnem
704 2384 778 2417 eius
804 2384 993 2417 exercitum
1019 2395 1096 2417 cum
1115 2382 1243 2426 paucis
1268 2382 1435 2415 militibus
1472 2392 1495 2413 a
1520 2379 1733 2424 quibusdam
1757 2380 1839 2413 reli-

350 2432 459 2476 qiosis
485 2432 702 2476 confortatus
727 2431 877 2466 viriliter
901 2432 1044 2466 invasit.
1084 2432 1172 2465 Cum
1195 2435 1314 2464 autem
1340 2430 1536 2473 Hartvigus
1563 2439 1596 2462 a.
1615 2428 1722 2461 1089.
1744 2428 1840 2472 apud

353 2483 602 2525 imperatorem
629 2492 766 2514 summa
791 2482 1001 2514 auctoritate
1024 2488 1118 2514 esset
1145 2479 1250 2518 (Jaffe
1265 2480 1307 2518 V,
1327 2490 1376 2511 nr.
1393 2478 1453 2520 75)
1481 2483 1517 2511 et
1541 2482 1676 2511 tantam
1703 2479 1844 2511 iniisset

354 2530 517 2573 gratiam,
542 2534 583 2563 ut
599 2529 771 2563 Coloniae
789 2530 1047 2563 ordinationem
1068 2528 1292 2562 Adelheidae
1310 2528 1456 2570 reginae
1477 2526 1675 2560 celebraret
1701 2526 1751 2569 (0.
1767 2526 1846 2568 25),

355 2583 462 2622 atque
499 2589 578 2611 cum
607 2579 797 2622 imperator
831 2579 962 2622 optime
998 2578 1156 2611 iudicare
1186 2580 1319 2620 posset,
1344 2580 1460 2609 utrum
1485 2577 1522 2608 in
1548 2576 1612 2610 illo
1638 2575 1734 2609 bello
1761 2585 1841 2608 cum

354 2628 514 2670 Egberto
549 2631 652 2670 gesto
684 2627 879 2670 Hartvigus
914 2626 1032 2660 officio
1065 2637 1128 2660 suo
1165 2626 1335 2659 defuisset
1365 2636 1490 2665 necne,
1522 2624 1750 2659 statuendum
1778 2627 1845 2664 est,

356 2676 590 2710 Waltramum
627 2677 735 2709 nimio
767 2676 848 2709 odio
886 2677 1070 2708 incensum
1098 2676 1311 2717 Hartvigum
1343 2676 1380 2707 in
1405 2675 1644 2718 suspicionem
1669 2672 1842 2717 perfidiae
1867 2680 1870 2681 ’

355 2726 553 2758 vocavisse.
598 2725 674 2757 Nec
699 2725 837 2758 mirum.
887 2725 977 2758 Nam
1002 2728 1041 2757 ut
1065 2725 1261 2757 Henricum
1287 2724 1420 2757 severis
1445 2724 1564 2757 verbis
1591 2724 1718 2766 carpit,
1745 2720 1841 2765 quod

356 2774 426 2808 sibi
451 2784 522 2807 nou
548 2774 754 2814 constiterit,
787 2774 839 2806 ita
863 2775 931 2807 sibi
957 2774 1172 2817 persuadere
1207 2784 1278 2806 non
1303 2776 1434 2816 potest,
1459 2773 1684 2815 Hartvigum‚
1711 2772 1846 2815 quippe
1875 2809 1878 2813 Ι

358 2823 419 2866 qui
445 2827 551 2856 antea
576 2824 782 2867 imperatori
806 2823 1070 2856 inimicissimus
1096 2823 1218 2862 fuerit,
1253 2822 1369 2855 subito
1403 2823 1541 2855 sincero
1576 2821 1693 2854 animo
1730 2823 1766 2853 et
1789 2820 1843 2853 in?

358 2876 523 2915 corrupta
560 2871 631 2905 fide
671 2873 703 2904 ei
740 2871 923 2905 addictum
970 2881 1060 2906 esse.
1174 2872 1211 2913 3)
1249 2870 1304 2905 cf.
1339 2881 1369 2904 0.
1397 2870 1461 2903 25:
1493 2869 1692 2914 Hartviqus
1717 2870 1878 2902 nactus*-

357 2921 572 2955 occasionem
611 2924 678 2954 etc.
