1878 3308
686 309 975 344 PRAEFATIO.
1491 308 1580 342 XIX

82 422 347 477 Audivimus
403 421 586 465 uosdsm
596 430 626 464 ¹.
669 422 725 464 In
752 435 932 463 numero
941 419 1303 476 fidelissimorum
1330 426 1433 462 tunc
1453 427 1582 463 erant

82 478 324 538 Budolfuo,
411 477 538 535 elfus,
576 477 843 521 Bertboldus
879 476 1010 519 duces
1049 482 1088 518 et
1118 474 1414 529 Gebehardus,
1443 476 1580 518 Adal-

84 535 201 591 bero,
226 534 494 579 Altmannus
522 535 735 591 episcopi,
763 533 842 589 qui
868 533 984 575 inter
1012 547 1055 575 se
1085 538 1410 586 consenserant,
1442 533 1578 575 omni-

84 593 167 638 bu
187 592 329 636 modis
356 591 454 648 reqi
474 605 522 632 re
555 589 820 648 uqnandum
842 603 944 631 esse.
994 587 1163 637 Quibus
1187 589 1279 631 iam
1299 588 1374 631 illo
1394 594 1581 644 tempore

83 661 132 693 so
168 648 440 692 adiunxerat
523 647 781 690 erimannus
819 645 1038 687 Metensis.
1096 644 1197 687 Huc
1227 659 1248 686 s
1283 650 1426 687 ectant
1464 644 1581 687 duae

149 705 160 716 ⁰
320 709 482 746 aestate
504 704 617 746 anni
638 702 760 744 1076.
781 701 1069 757 conscriptae,
1088 701 1138 742 in
1159 702 1237 757 qui
1264 715 1317 742 us
1338 699 1581 757 Greyorius

124 761 206 815 cit,
224 775 270 804 se
283 761 472 803 maoeime
485 758 695 816 gaudere,
715 757 833 814 quod
846 756 916 800 illi
931 757 1167 812 principes
1192 756 1392 799 omnibus
1412 756 1582 798 viribus

82 816 400 869 contenderent,
438 821 487 858 ut
522 830 666 872 reqem
701 814 763 856 ad
791 813 1105 856 oboedientiam
1126 813 1433 868 perducerent,
1463 818 1502 854 et
1529 813 1580 854 in

83 872 241 930 quibus
276 873 501 925 concessit,
535 877 583 913 ut
618 871 658 913 ii
691 869 1032 922 absolverentur,
1072 883 1192 926 quos,
1222 869 1339 925 reyis
1371 868 1581 925 partibus

84 927 263 983 relictis,
292 929 407 971 vitae
432 941 570 984 usque
588 926 694 970 illue
715 932 838 968 actae
860 926 1117 981 paeniteret.
1163 925 1266 968 Cum
1287 931 1431 967 autem
1455 923 1582 966 multi

85 986 394 1042 opinarentur,
430 998 574 1040 reqem
610 985 771 1040 ipsum,
810 982 850 1024 si
871 982 1195 1037 paenitentiam
1225 987 1384 1037 ayeret,
1415 980 1582 1023 absolvi

78 1055 212 1098 posse
253 1055 284 1084 a
326 1039 512 1098 quolibet
551 1041 754 1096 episcopo
794 1036 1074 1091 Germaniae,
1115 1038 1295 1092 scripsit
1333 1036 1424 1092 (25.
1461 1036 1579 1093 Auq.

88 1095 222 1150 1076)
246 1111 376 1153 papa
407 1096 470 1138 ad
499 1095 825 1138 Herimannum
853 1093 1082 1136 Metensem
1116 1093 1362 1149 epistulam,
1401 1108 1492 1150 qua
1529 1108 1581 1134 ne

84 1153 137 1197 id
159 1152 291 1208 fieret
317 1152 552 1208 prohibere
582 1151 751 1194 studuit
763 1157 793 1192 ².
856 1147 956 1198 Qua
991 1149 1180 1205 epistula
1204 1164 1336 1206 papa
1370 1150 1582 1192 neminem

86 1208 307 1253 absolvere
338 1223 470 1265 posse
505 1223 663 1266 reqem,
700 1208 792 1248 nisi
820 1207 894 1248 cui
922 1207 1017 1261 ipse
1045 1206 1117 1248 ius
1149 1221 1200 1247 ac
1226 1211 1480 1260 potestatem
1508 1205 1580 1247 de·

85 1265 234 1320 disset,
262 1265 412 1308 docuit
438 1265 652 1320 iussitque
681 1263 765 1306 sibi
783 1262 1002 1314 nuntiari,
1032 1262 1073 1304 si
1083 1262 1365 1317 paenitentia
1386 1276 1438 1303 ae
1458 1260 1584 1303 dolor

84 1322 205 1378 reyis
242 1326 528 1378 apparerent,
567 1327 616 1362 ut
654 1320 817 1362 mittere
851 1324 998 1373 posset
1034 1332 1131 1360 cum
1166 1317 1324 1373 quibus
1346 1318 1582 1372 principes

85 1378 418 1430 eondituerent,
463 1376 621 1433 quibus
662 1373 996 1418 condicionibus
1032 1372 1141 1427 fieri
1176 1379 1327 1429 posset
1369 1371 1582 1415 absolutio

84 1433 226 1491 regis,
275 1433 388 1475 Inde
423 1433 565 1489 iqitur
602 1436 805 1529 apparet,
842 1431 934 1471 iam
970 1429 1046 1472 illo
1086 1435 1287 1485 tempore,
1318 1444 1415 1471 cum
1444 1443 1523 1471 reae
1553 1443 1582 1469 a

143 1503 216 1546 pa
299 1490 426 1532 ’mum
446 1487 592 1543 (Febr.
610 1489 632 1529 1
692 1487 743 1540 6)
765 1486 1163 1528 anathematizatus
1192 1491 1311 1538 esset,
1341 1485 1583 1527 amicitiam

85 1560 208 1604 quan
272 1561 316 1588 m
343 1545 636 1588 intercessisse
666 1544 781 1585 inter
802 1556 979 1597 papam
1008 1547 1047 1583 et
1074 1541 1400 1583 Herimannum
1420 1541 1581 1583 Meten-

85 1616 187 1656 sen,
218 1616 306 1658 per
341 1615 464 1658 quem
500 1614 643 1643 omnes
679 1604 838 1641 ceteros
875 1598 1101 1653 episcopos
1132 1596 1401 1639 Germaniae
1437 1596 1500 1638 ad
1538 1611 1582 1638 se

85 1657 318 1701 traducere
354 1663 395 1700 et
433 1656 495 1699 ad
529 1671 655 1699 suam
694 1654 958 1697 voluntatem
983 1653 1223 1708 perducere
1250 1653 1432 1695 studuit.
1489 1652 1583 1694 Nec

85 1716 247 1759 mirum
274 1719 349 1767 est,
386 1713 503 1770 quod
533 1727 678 1768 papa,
709 1726 808 1753 cum
840 1725 987 1753 rerum
1025 1715 1156 1763 statu,
1191 1724 1314 1766 quem
1342 1723 1485 1765 supra
1512 1722 1583 1751 εω-

81 1771 232 1828 posui,
261 1775 438 1813 coaetus
456 1774 563 1811 esset
591 1782 734 1824 reqem
754 1767 1029 1809 anathemate
1047 1765 1083 1807 li
1115 1781 1192 1808 are
1212 1770 1234 1820 (
1237 1765 1273 1807 7.
1286 1766 1420 1807 Mart.
1437 1763 1541 1806 1081
1544 1767 1583 1817 ),

87 1826 141 1870 de
168 1827 340 1884 inteqro
369 1824 603 1882 epistulam
633 1823 694 1866 ad
716 1823 1040 1865 Herimannum
1093 1821 1195 1874 edit,
1227 1827 1265 1863 et
1294 1828 1341 1863 ut
1370 1820 1582 1863 ‘corrobo-

88 1888 212 1927 raret
232 1896 320 1938 per
348 1882 426 1925 boe
455 1882 627 1924 animos
650 1880 853 1936 partium
881 1894 1080 1930 suarum,
1110 1878 1320 1934 quatinus
1341 1883 1430 1919 tuto
1451 1875 1581 1919 relin-

119 1944 270 1982 uerent
312 1953 360 1980 re
392 1951 457 1980 em
500 1951 628 1979 suum
671 1935 763 1990 (De
799 1936 969 1976 unitate
1010 1933 1110 1977 ecel.
1147 1948 1264 1975 cons.
1305 1933 1341 1986 I,
1370 1933 1422 1985 2)
1461 1938 1500 1973 et
1537 1937 1585 1973 ut

78 1953 218 2049 fidem
244 1993 318 2036 lab
365 1999 558 2036 occatam
594 1991 865 2035 Herimanni
891 1990 1177 2044 confirmaret'
1205 1988 1256 2043 (l.
1278 2005 1313 2030 c.
1343 1989 1379 2041 I,
1404 1989 1470 2041 4),
1507 1987 1585 2044 qui

87 2056 179 2093 tam
215 2049 297 2093 diu
341 2050 391 2091 in
435 2047 544 2090 aula
587 2048 708 2104 reqis
749 2045 1017 2098 morabatur,
1091 2059 1195 2087 uam
1236 2050 1350 2085 inter
1385 2043 1586 2086 Saxones

90 2112 131 2148 et
170 2120 314 2163 regem
352 2104 405 2148 de
448 2102 779 2147 condicionibus
842 2102 935 2144 acis
978 2116 1059 2167 αρε
1088 2107 1191 2142 atur
1234 2106 1272 2141 et
1310 2101 1387 2156 qui
1425 2098 1586 2141 dubius

78 2161 232 2219 fuisse
267 2161 452 2214 videtur,
488 2175 594 2203 num
626 2173 758 2215 papa
795 2116 967 2200 {aberet
1002 2172 1074 2199 tus
1113 2156 1231 2213 reqis
1271 2156 1455 2210 imperio
1481 2155 1583 2211 pri·

89 2218 242 2262 nandi,
298 2217 418 2260 Nam
447 2218 527 2259 etsi
554 2220 734 2268 constat,
763 2228 816 2256 eae
845 2213 1044 2256 omnibus
1073 2214 1261 2255 maxime
1349 2212 1519 2266 iscopos
1547 2216 1587 2253 et

91 2274 324 2317 Metensem
343 2279 382 2316 et
402 2272 731 2315 Passaviensem
754 2270 804 2312 id
822 2270 974 2326 eqisse,
1003 2275 1051 2311 ut
1072 2270 1268 2311 animum
1335 2266 1588 2310 ildebrandi

90 2330 176 2374 sibi
218 2329 508 2373 conciliarent
558 2334 597 2371 et
641 2328 701 2370 ad
748 2341 930 2369 causam
974 2324 1205 2368 Saxonum
1258 2322 1586 2379 suscipiendam

83 2386 390 2444 perducerent,
418 2392 562 2428 tamen
584 2384 907 2427 Herimannum
931 2396 1015 2423 sua
1034 2387 1186 2437 sponte
1206 2386 1244 2422 et
1265 2379 1378 2422 ultro
1400 2384 1586 2435 optasse,

94 2449 143 2486 ut
175 2443 391 2485 sententia
430 2456 514 2484 sua
550 2440 688 2483 dubia
727 2438 999 2496 argumentis
1034 2437 1368 2491 confirmaretur
1396 2451 1417 2478 e
1446 2434 1586 2477 verbis

94 2497 303 2556 Gregorii
344 2499 488 2555 ipsius
526 2495 676 2554 eolliyi
707 2500 876 2552 potest:
925 2493 1053 2547 Quod
1088 2499 1230 2535 sutem
1268 2490 1504 2548 postulasti,
1545 2496 1587 2532 te

93 2554 218 2612 quasi
255 2554 411 2598 nostris
450 2553 534 2596 scri
567 2553 621 2596 tis
656 2551 794 2594 iuvari
831 2564 883 2592 ac
920 2549 1183 2606 praemuniri
1226 2555 1378 2591 contra
1419 2545 1587 2589 illorum

91 2609 305 2652 insaniam
346 2616 447 2653 etc-⁸
521 2567 674 2665 Itaque
719 2607 961 2663 Greyorius
1003 2604 1290 2662 praeclaram
1333 2603 1456 2646 illam
1498 2603 1587 2658 epi-

96 2664 257 2708 stulam
295 2665 388 2720 (15.
423 2665 558 2708 Mart.
593 2663 724 2716 1081)
763 2663 954 2717 scripsit,
992 2676 1103 2718 quae
1139 2660 1209 2703 illi
1247 2659 1460 2715 epistulae
1482 2672 1585 2713 per-

95 2720 251 2765 similis
289 2726 350 2763 est
389 2735 466 2763 nee
505 2723 736 2777 quicquam
774 2718 901 2760 aliud
930 2719 1119 2760 continet
1145 2718 1236 2759 nisi
1266 2715 1521 2757 accuratius
1550 2719 1589 2754 et

100 2851 138 2893 1)
163 2848 257 2885 Jnee
284 2848 344 2888 11,
370 2859 405 2893 ρ.
432 2846 515 2880 sss.
651 2845 691 2887 2)
717 2845 812 2880 md.
846 2856 881 2889 p.
904 2844 988 2880 sss.
1015 2844 1099 2877 241.
1240 2841 1281 2884 s)
1307 2840 1414 2884 me..
1443 2851 1478 2884 p.
1504 2839 1588 2872 css.

1224 2909 1284 2942 Β.
