1878 3308
334 289 403 323 m:
430 288 643 323 UNITATE
669 288 944 324 ECOLESIAE
971 288 1339 324 CONSERVANDA.
1513 291 1585 324 117

87 410 179 446 Reii
201 410 430 455 matjam,
455 410 566 445 vitam
591 422 664 444 non
691 416 781 445 tenet
806 417 838 445 et
862 411 1021 445 salutem.
1072 401 1292 457 Superiori
1321 402 1450 444 etiam
1469 417 1582 445 anno

88 455 315 500 defunctus
336 462 430 499 erat
443 454 660 521 Wigoltus
681 456 902 513 Augustae
925 455 1033 498 alter
1051 457 1279 513 episcopus
1292 465 1320 511 ¹,
1351 459 1438 514 qui,
1461 458 1581 514 Sige-

87 512 202 556 frido
230 512 425 556 eiusdem
455 512 640 555 civitatis
673 513 876 569 episcopo
905 511 1045 555 adhuc
1075 514 1263 567 vivente,
1292 527 1371 570 per
1399 515 1583 571 partium

90 567 235 612 studia
271 574 336 612 est
372 567 744 622 subintroductus,
782 569 855 626 qui
891 568 1047 611 furtive
1084 569 1138 611 ad
1177 568 1485 612 ordinationem
1521 572 1583 612 in-

87 639 275 683 gressus,
304 639 383 682 per
403 623 449 667 Si
483 624 665 667 efridum
685 624 966 681 Moguntinae
986 625 1191 668 ecclesiae
1211 625 1584 683 archiepiscopum

92 680 312 725 ordinatus
351 687 416 724 est
498 680 676 723 oslariae
712 682 757 723 in
795 680 1007 735 Saxonia,
1052 696 1151 724 cum
1190 683 1389 737 Augusta
1432 683 1584 725 civitas

89 732 225 781 iuxta'
241 737 376 794 Alpes
412 737 467 780 sit
494 737 538 778 in
568 736 732 780 Rhetia.
787 736 874 790 Qui
912 744 1024 780 certe
1061 753 1148 780 non
1187 738 1306 780 iuxta
1351 738 1584 781 solemnem

90 794 391 851 episcoporum
427 807 590 836 morem
628 793 805 836 intravit
841 808 941 835 cum
973 793 1077 837 cleri
1107 802 1150 836 et
1177 794 1324 851 populi
1354 795 1583 851 suffragiis,

89 849 167 893 sed
194 863 295 892 eum
323 848 518 892 hostibus
548 849 739 892 eiusdem
770 850 969 902 civitatis,
1002 865 1111 907 quae
1140 852 1279 907 primo
1301 851 1474 908 quidem
1505 866 1584 908 per

88 904 377 963 proditionem
419 912 574 962 capta²
614 912 656 948 et
699 921 778 963 per
819 906 1120 963 imperatorem
1163 905 1382 962 liberatas,
1428 907 1583 951 deinde

88 962 218 1005 etiam
247 967 376 1019 capta
394 968 460 1004 est
487 960 681 1005 similiter
709 978 788 1019 per
806 962 1122 1019 proditionem⁴
1152 969 1195 1005 et
1213 963 1268 1005 ad
1289 963 1425 1006 solum
1446 979 1583 1021 usque

87 1017 316 1062 destructa.
374 1017 486 1060 Tum
522 1032 623 1060 vero
664 1018 816 1075 ingens
852 1019 1013 1075 praeda
1041 1019 1156 1062 facta
1185 1026 1252 1062 est
1279 1019 1342 1062 ibi
1371 1035 1427 1062 ex
1455 1021 1583 1063 rebus

87 1079 217 1132 atque
254 1073 381 1117 bonis
423 1081 511 1117 tam
556 1073 657 1117 cleri
730 1089 828 1116 uam
873 1075 1033 1132 populi,
1111 1075 1238 1118 uibus
1279 1076 1394 1132 apud
1438 1076 1583 1118 hostes

87 1129 294 1187 prodesse
322 1145 407 1173 non
436 1130 578 1196 potuit
604 1136 721 1187 temp
739 1146 811 1173 um
831 1131 917 1174 Dei
947 1139 990 1174 et
1017 1146 1092 1174 ecc
1111 1132 1199 1174 esia
1230 1138 1400 1174 sanctae
1419 1132 1582 1175 Mariae

88 1200 258 1252 semper
294 1187 496 1244 virginis,
531 1187 605 1230 ubi
652 1186 758 1230 haec
800 1187 1020 1230 recondita
1064 1195 1164 1230 sunt
1207 1195 1384 1245 propter
1421 1195 1582 1231 metum

86 1241 253 1286 hostilis
282 1243 552 1285 incursionis.
597 1242 636 1286 O
666 1258 794 1300 quam
820 1244 958 1286 bonus
987 1251 1135 1300 pastor
1163 1251 1205 1287 et
1234 1259 1363 1300 quam
1423 1245 1581 1287 rudens

86 1297 275 1342 familiae
302 1299 389 1342 Dei
427 1299 698 1355 dispensator
731 1298 802 1341 ille
835 1300 1064 1355 Wigoltus,
1103 1301 1175 1357 qui
1214 1307 1361 1356 utpote
1409 1316 1460 1342 ur
1488 1302 1581 1356 ipse

88 1355 265 1398 intravit
300 1355 346 1397 in
376 1355 592 1397 civitatem
631 1369 728 1397 eum
762 1354 929 1398 furibus
959 1363 1002 1399 et
1028 1355 1257 1398 homicidis
1286 1363 1413 1414 atque
1441 1363 1582 1413 rapto—

86 1409 222 1465 ribus,
258 1417 306 1454 ut
332 1418 516 1467 raperet,
546 1418 752 1454 mactaret
787 1418 829 1454 et
857 1411 1076 1468 perderet!
1135 1412 1262 1465 Quod
1293 1426 1390 1454 cum
1419 1413 1581 1455 factum

88 1467 144 1509 sit
179 1466 287 1510 feria
322 1467 364 1509 4.
401 1474 499 1510 ante
537 1482 713 1510 coenam
750 1467 953 1522 Domini,
993 1474 1164 1525 postera
1199 1468 1270 1511 die
1308 1469 1490 1511 accessit
1523 1469 1581 1511 ad

86 1522 220 1566 altare
237 1522 415 1566 Domini
446 1530 488 1566 et
512 1524 710 1567 manibus
740 1525 949 1580 sanguine
978 1524 1116 1581 plenis
1146 1531 1189 1566 et
1217 1525 1441 1582 iniquitate
1460 1539 1581 1582 prae-

86 1579 272 1636 sumpsit
308 1579 419 1622 saeri
456 1579 696 1622 chrismatis
737 1581 1101 1623 consecrationem
1141 1579 1224 1623 sibi
1264 1595 1490 1638 usurpare,
1528 1596 1581 1624 ae

14 1680 18 1682 ,
86 1649 190 1678 mox
255 1641 325 1678 ost
360 1634 620 1692 completum
660 1635 846 1678 officium
884 1637 1088 1679 infirmari
1127 1637 1272 1694 coepit
1309 1643 1351 1679 et
1379 1644 1479 1694 post
1506 1635 1580 1679 ali-

86 1698 191 1749 quot
218 1650 311 1735 d'ies
341 1706 439 1734 cum
469 1706 627 1748 magno
657 1699 867 1735 tormento
896 1693 1027 1735 vitam
1057 1693 1206 1735 finivit.
1267 1692 1408 1750 Capta
1436 1698 1578 1736 autem

85 1747 271 1801 civitate,
303 1761 353 1790 ca
386 1753 454 1790 tus
484 1755 550 1791 est
578 1755 620 1790 et
650 1748 888 1805 sigefridus
919 1751 1151 1815 episcopus
1179 1749 1300 1791 iuxta
1328 1749 1460 1792 altare
1480 1749 1580 1803 Dei,

116 1818 215 1846 uem
244 1804 329 1848 We
371 1811 389 1832 ⁸
429 1804 519 1847 dux
556 1804 773 1871 quondam
802 1806 1031 1859 Bavariae,
1076 1812 1324 1862 perseeutor
1359 1805 1579 1856 eeclesiae,

102 1860 188 1904 ecit
220 1860 264 1903 in
303 1874 382 1903 sua
419 1861 615 1903 custodia
652 1862 809 1915 teneri,
847 1861 985 1904 donee
1016 1877 1113 1904 sese
1149 1861 1429 1904 redemisset³
1471 1862 1578 1904 tanti

84 1917 379 1960 aestimatione
407 1915 609 1970 thesauri,
640 1924 798 1974 quanta
828 1917 1046 1974 suppleret
1074 1917 1298 1959 avaritiam
1330 1917 1464 1959 hostis
1501 1918 1580 1958 ini-

86 1973 173 2031 qui.
221 1972 415 2015 Honeste
445 1972 619 2030 quidem
650 1972 832 2015 eeclesia
862 1980 904 2015 et
931 1972 1132 2028 religiose
1162 1974 1356 2028 captivos
1386 1972 1580 2026 redemit,

8 2080 10 2084 v
84 2034 147 2081 ut,
167 2043 265 2071 cum
286 2029 369 2085 ipsi
388 2027 444 2070 ab
465 2042 516 2070 ea
533 2028 811 2081 redimuntur,
841 2028 1026 2070 dicatur:
1057 2027 1134 2070 hos
1155 2027 1350 2070 Christus
1374 2028 1578 2083 redemit3

86 2099 240 2128 aurum
269 2086 383 2128 enim
413 2083 595 2127 ecelesia
625 2083 765 2138 habet,
795 2099 880 2126 non
910 2091 959 2127 ut
989 2090 1141 2137 servet,
1178 2083 1254 2126 sed
1283 2090 1331 2126 ut
1359 2091 1505 2140 eroget
1538 2091 1581 2127 et

86 2141 315 2184 subveniat
350 2141 394 2182 in
433 2140 778 2191 necessitatibus,
844 2141 915 2182 uia
951 2140 1190 2197 redemptio
1220 2153 1270 2181 ca
1303 2141 1486 2182 tivorum
1515 2147 1580 2183 est

88 2204 450 2240 sacramentorum
490 2203 676 2239 ornatus.
734 2155 861 2239 Undle
899 2203 941 2238 et
978 2204 1150 2239 sanctus
1193 2195 1276 2237 Am
1310 2197 1447 2238 rosius
1492 2196 1579 2252 epi-

89 2268 246 2311 seopus
283 2254 328 2295 in
364 2251 484 2295 libris
523 2252 576 2295 de
607 2252 809 2295 officiisoz
856 2262 943 2296 Vere
967 2262 1042 2303 illa,
1076 2252 1227 2308 inquit,
1259 2267 1341 2295 nunc
1374 2273 1465 2296 „aaa
1494 2273 1578 2305 pre-

88 2314 196 2356 dona,
223 2324 314 2357 quae
335 2313 513 2347 redimunt
531 2313 671 2346 animas
690 2324 712 2345 a
729 2318 849 2353 morte,
877 2317 908 2345 et
932 2310 991 2345 ille
1012 2323 1117 2345 veruo
1143 2316 1191 2345 eat
1217 2311 1404 2344 thesaur-ue
1421 2309 1578 2351 Domini,

16 2384 33 2405 χ
87 2363 150 2408 qui
174 2367 346 2407 oper-atm-
371 2362 466 2405 quod
491 2362 638 2406 sanquis
664 2362 739 2395 eius
765 2366 932 2404 operatus
958 2365 1019 2402 ent,
1046 2367 1078 2395 et
1105 2366 1187 2394 tunc
1213 2371 1277 2393 vau
1303 2359 1470 2392 dominici
1494 2370 1578 2392 mm-

86 2411 206 2458 qumis
241 2410 455 2456 aqnoecitur,
491 2422 568 2444 cum
604 2410 642 2443 in
676 2416 823 2454 utroque
859 2409 987 2443 viderit
1020 2408 1303 2452 redemptionem,
1339 2413 1378 2441 ut
1412 2408 1507 2441 calix
1534 2407 1579 2441 ab

88 2466 184 2502 Ῑιοσεο
215 2466 378 2508 redimat,
420 2478 505 2510 quos
540 2465 686 2510 sanquis
727 2477 750 2498 a
809 2470 923 2498 cecato
958 2464 1115 2498 redemit.
1180 2453 1298 2508 Ergo
1336 2459 1434 2509 post
1468 2452 1578 2495 duos

88 2510 261 2556 tandem
299 2525 435 2554 annos
475 2509 638 2554 solutus
679 2517 744 2553 est
778 2476 1021 2566 gigeffidus
1063 2510 1293 2566 episcopus
1337 2523 1393 2551 ex
1436 2508 1578 2551 hostili

90 2606 122 2644 a)
142 2608 239 2636 wolff
255 2610 282 2636 ι.

91 2688 131 2734 1)
155 2691 198 2725 Δ.
219 2689 334 2733 10893
359 2689 555 2724 seeundum
583 2688 725 2721 Ekkeh.
753 2687 881 2720 Chron.
916 2698 950 2730 p.
976 2686 1057 2721 207.
1086 2691 1122 2720 et
1146 2686 1237 2720 Anu.
1263 2687 1415 2728 August.
1439 2696 1474 2728 p.
1497 2684 1576 2718 133.

89 2749 124 2773 ι.
153 2738 259 2774 1088.
289 2743 447 2774 mortuus
478 2742 542 2772 est.
644 2736 682 2780 2)
717 2736 919 2771 Secundum
952 2735 1121 2769 Bemoldi
1149 2735 1280 2769 Chi-on.
1311 2734 1337 2767 l.
1366 2744 1397 2767 e.
1432 2745 1466 2776 p.
1492 2733 1576 2767 439.

90 2797 123 2823 ι.
144 2788 258 2830 10843
284 2787 480 2822 secundnm
508 2786 648 2820 Ekkeh.
677 2785 807 2818 chron.
835 2795 868 2818 a.
890 2782 994 2818 1088.
1079 2784 1119 2825 3)
1145 2784 1268 2817 Mense
1295 2783 1385 2825 Aug.
1413 2792 1446 2814 a.
1472 2780 1576 2814 1084.

91 2835 132 2880 4)
157 2837 360 2871 Secundum
386 2836 476 2870 Anu.
502 2836 652 2878 August.
679 2835 794 2878 pridie
820 2832 876 2867 Id.
893 2833 978 2877 Apr.
1004 2844 1035 2867 a.
1057 2832 1162 2873 1088,
1184 2834 1272 2872 sive,
1298 2835 1336 2865 ut
1361 2830 1576 2863 Waltramus

91 2884 191 2928 dicit,
217 2886 307 2919 feria
333 2886 366 2919 4.
401 2890 483 2918 ante
511 2894 658 2917 coenam
686 2883 842 2916 Domini.
951 2882 988 2923 ὗ)
1021 2882 1074 2915 cf.
1101 2882 1192 2915 Ann.
1224 2881 1374 2923 August.
1410 2889 1440 2914 a.
1472 2878 1576 2911 1090.

93 2932 134 2978 ⁶)
157 2934 335 2969 Ambrosii
361 2936 482 2979 Opera
505 2933 574 2974 111,
604 2943 638 2975 p.
664 2931 747 2965 123.
