1878 3308
302 278 373 314 DE
397 278 608 314 UNITATE
635 278 907 314 ECGLESIAE
934 277 1303 315 coNSERVANDA.
1476 279 1545 312 12⁷

56 394 100 432 'n
122 395 221 432 Bon-n·-
242 394 410 441 opo-ihu·
433 395 559 430 &uenti
583 400 675 437 emit,
703 394 829 430 cotidie
853 394 1041 431 deteriores
1057 394 1167 438 fiunt,
1192 393 1278 428 dum
1302 394 1341 427 in
1365 394 1416 428 eie
1441 395 1548 437 culpa

55 443 253 492 Μ
277 455 370 490 quac
385 445 491 489 quati
510 445 556 479 de
572 445 645 479 zelo
660 444 821 488 fervoris
836 442 929 489 fidei
942 443 1029 488 ficri
1052 443 1159 478 etiam
1183 442 1377 478 laudabilis
1403 442 1548 486 appetit.

57 517 117 524 —
142 490 271 535 Sicut
299 491 428 544 enim,
466 490 678 548 inquiunt,
717 495 898 533 sanctus
921 495 1052 546 pater
1080 488 1343 531 Benedictus
1376 488 1550 530 audivit

60 562 94 592 a
128 546 304 591 diabolo
339 546 590 590 ‘maledicte'
623 552 662 589 et
690 561 780 589 non
814 545 1054 589 ‘benedicte'
1086 560 1163 588 nec
1197 544 1268 587 illi
1295 545 1455 598 nocuit,
1483 545 1550 586 ita

64 609 106 647 et
130 603 202 646 leis
239 603 310 647 W
340 602 450 646 berti
475 602 722 646 maledictio
751 617 838 645 non
867 601 1046 644 nocebit.

67 704 70 707 ,
171 659 244 703 41.
342 659 448 702 elint
482 658 632 713 nolint,
669 658 757 701 iam
792 656 972 700 iudicati
1001 663 1101 700 sunt
1129 657 1374 714 quicunque
1403 661 1552 698 contra

10 763 11 766 ,
62 729 251 759 canones
277 714 440 758 faciunt
467 720 511 758 et
538 715 614 773 qui
642 720 792 757 contra
818 727 983 771 pacem,
1013 727 1144 770 quam
1165 712 1362 756 Christus
1381 711 1553 770 reliquit

7 773 9 781 ’
60 770 201 826 nobis,
236 770 402 814 faciunt
438 776 482 814 et
519 772 592 828 qui
628 771 835 814 unitatem
865 768 1070 813 ecclesiae
1099 769 1308 812 dividunt.
1366 768 1454 811 Sed
1490 766 1553 809 illi

0 874 3 886 ‚
63 828 261 872 exierunt
278 841 307 870 a
323 827 462 882 nobis,
490 841 576 869 non
595 841 674 869 nos
693 826 748 870 ab
768 827 893 884 ipsis3
923 842 1027 869 nam
1056 826 1312 882 sifuissent
1340 840 1394 867 επ
1414 825 1553 877 nobis,

0 903 2 907 ·
54 884 404 984 fem-»nantium
431 884 581 940 utique
609 883 846 936 nobiscum,
874 883 985 926 sicut
1013 881 1118 925 dicit
1144 881 1358 924 Iohannes
1387 886 1555 938 aposto·
1568 893 1767 928 1.1011.s,19.

78 954 143 987 us.
200 938 316 984 Ubi¹
357 941 473 982 enim
515 946 580 983 est
621 939 778 982 caritas
820 938 883 981 ibi
917 953 1007 996 pax
1043 946 1085 981 et
1123 938 1199 981 ubi
1238 937 1454 980 humilitas
1493 937 1556 980 ibi

62 995 236 1040 caritas.
291 994 524 1040 Humilitas
560 996 720 1053 quippe
758 996 943 1052 pertinet
979 995 1036 1037 ad
1073 994 1398 1047 confessionem,
1437 999 1555 1050 quaa

0 1057 11 1075 '³‘
62 1051 315 1096 confitemur
340 1066 420 1096 nos
440 1059 688 1110 peccatores
707 1067 813 1105 esse,
844 1054 1011 1095 caritas
1039 1058 1181 1094 autem
1201 1052 1392 1107 cooperit
1410 1049 1554 1092 multi-

0 1079 18 1158 ἱ
63 1108 260 1153 tudinem
298 1115 595 1167 peccatorum,
635 1109 748 1150 sicut
796 1107 902 1150 dicit
944 1107 1125 1150 Iacobus
1168 1106 1400 1164 apostolus,
1469 1104 1556 1148 Sed
1568 1122 1630 1148 ιω.
1642 1121 1727 1156 5,so.

0 1147 14 1263 ἱ
65 1165 279 1220 monachi,
307 1165 363 1208 de
382 1179 565 1222 quorum
595 1164 868 1208 scismatibus
897 1171 1027 1221 atque
1057 1163 1280 1221 scripturis
1308 1168 1555 1216 tractamus,

0 1235 15 1271 ρ
65 1219 193 1288 longe
222 1221 593 1279 degeneraverunt
620 1221 676 1264 ab
696 1219 768 1262 illa
789 1235 920 1277 quam
948 1220 1131 1278 professi
1160 1226 1258 1262 sunt
1287 1219 1402 1262 beati
1421 1218 1556 1261 Bene-

0 1276 14 1351 {³
64 1277 170 1322 dictu
197 1278 466 1335 paternitate,
496 1277 573 1334 qui
600 1277 768 1330 docent,
799 1277 946 1333 regiae
976 1277 1190 1334 potestati,
1222 1276 1353 1318 immo
1384 1274 1556 1316 divinae

0 1353 5 1379 ἐ
66 1333 327 1378 ordinationi
355 1333 639 1376 resistendum
668 1347 774 1386 esse,
805 1339 848 1375 et
876 1332 1068 1376 exaltant
1095 1348 1141 1376 se
1172 1339 1318 1374 contra
1337 1331 1556 1388 pontifica-

0 1413 3 1415 >
66 1395 161 1433 tum
179 1389 295 1434 sedis
313 1388 586 1447 apostolicae,
617 1390 691 1447 qui
711 1390 840 1432 etiam
869 1404 915 1432 se
943 1390 1079 1433 iustos
1108 1395 1151 1433 et
1178 1386 1393 1445 regulares
1413 1401 1558 1429 mona-

67 1444 172 1489 chos
209 1460 306 1490 esse
340 1445 595 1503 profitentur
633 1451 676 1489 et
713 1444 915 1488 caelestes
953 1460 999 1489 se
1027 1459 1079 1487 ac
1108 1443 1321 1502 spiritales
1349 1458 1442 1486 esse
1469 1442 1558 1500 glo-

68 1502 247 1556 riantur,
293 1502 406 1546 sicut
446 1502 606 1560 scripta
646 1502 661 1543 i
694 1515 838 1544 sorum
885 1507 1148 1545 attestantur.
1216 1499 1343 1543 Certe
1386 1506 1558 1542 sanctus

67 1557 332 1615 Benedictus
347 1565 364 1588 ²
398 1557 537 1611 docet,
566 1516 691 1600 nihii)
699 1557 845 1600 utilius
874 1573 967 1601 esse
995 1557 1206 1601 monacho
1235 1571 1364 1614 quam
1392 1554 1559 1598 humili-

66 1619 214 1670 tatem,
257 1614 485 1658 ostendens
532 1629 588 1657 ex
637 1614 794 1658 Sacrae
833 1613 1078 1672 Scripturae
1124 1613 1382 1666 testimonio,
1423 1626 1558 1668 genus

69 1685 166 1715 esse
212 1670 441 1728 superbiae
485 1685 653 1714 omnem
695 1668 1010 1714 exaltationem.
1072 1679 1194 1723 Omni,
1229 1669 1389 1726 inquit,
1426 1677 1560 1712 vilieaoe

69 1731 130 1767 061
171 1729 388 1766 milace
432 1734 612 1765 concauus
654 1730 699 1765 sit
744 1731 955 1772 monachae,
996 1736 1029 1764 et
1065 1741 1136 1764 non
1177 1730 1290 1764 solum
1330 1740 1399 1762 sua
1437 1727 1561 1772 linqua

63 1778 294 1826 mantia,
330 1779 395 1815 ned
430 1780 537 1814 etiam
572 1778 695 1813 intimo
733 1780 849 1813 cordis
886 1780 1008 1814 credat
1041 1780 1189 1823 affectu,
1223 1790 1260 1812 se
1293 1776 1496 1822 inferiorem
1530 1782 1562 1811 et

23 1837 25 1843 ¹
69 1835 231 1870 nilion-on
274 1834 446 1870 onnam.
511 1823 598 1868 Sed
642 1823 702 1867 illi
751 1839 865 1866 nunc
912 1824 1133 1876 monachi,
1192 1821 1389 1880 qualibus
1446 1827 1562 1864 certe

69 1880 313 1924 Pharisaeis
354 1879 459 1923 dicit
486 1881 531 1923 in
560 1880 783 1937 euangelio
813 1880 1047 1923 Dominus:
1089 1881 1167 1923 Vos
1200 1881 1303 1922 estis
1332 1880 1410 1935 qui
1440 1880 1562 1921 iusti·
1575 1893 1648 1920 nae.
1661 1894 1707 1927 ιε,
1722 1892 1770 1920 15.

31 1966 34 1967 ν
62 1937 216 1993 ficatio
250 1951 327 1980 vos
364 1952 512 1980 coram
551 1937 812 1990 hominibus,
842 1937 1060 1979 Dominus
1098 1942 1236 1978 autem
1274 1936 1392 1977 novit
1426 1934 1561 1976 corda

71 1999 240 2048 vostra,
279 1993 387 2050 quia
430 1994 545 2058 quod
588 1993 832 2035 hominibus
880 1992 1015 2035 altum
1062 1998 1123 2034 est
1166 1989 1458 2033 abominabile
1501 1995 1562 2032 est

74 2049 202 2107 apud
235 2048 404 2092 Deum:
442 2047 526 2103 xlli,
569 2048 767 2105 inquam,
807 2048 871 2090 sic
913 2047 1068 2090 docent
1115 2048 1159 2089 in
1202 2047 1434 2103 synagogis
1473 2046 1561 2087 suis

71 2111 116 2149 et
154 2105 218 2148 sic
253 2103 445 2147 scribunt
473 2110 623 2147 contra
651 2104 895 2161 pontificem
924 2101 1185 2161 apostolicae
1214 2101 1347 2145 sedis:
1393 2101 1559 2150 Caveto,

72 2161 286 2220 inquiunt,
315 2166 375 2215 tu,
406 2176 430 2204 o
450 2162 701 2214 christiane,
731 2176 785 2203 ne
809 2161 1022 2218 Wiqberto
1049 2160 1176 2203 corde
1205 2159 1270 2202 vel
1301 2173 1373 2201 ore
1394 2158 1562 2200 dixeris

74 2234 106 2261 u
168 2232 274 2260 uam
301 2217 432 2260 ‘Ave'.
471 2217 588 2271 Quin
608 2217 739 2259 immo
761 2230 864 2259 cave
884 2225 944 2271 tu,
974 2231 999 2259 o
1029 2215 1268 2269 christiane,
1299 2228 1352 2256 ne
1371 2227 1561 2270 unquam

42 2311 43 2315 ,
73 2274 116 2318 ei
177 2274 188 2284 “
223 2273 307 2316 eris
335 2272 470 2327 ‘Ave’,
500 2274 574 2331 qui
602 2272 658 2315 ad
686 2281 727 2316 te
757 2273 921 2316 venerit
948 2279 990 2315 et
1018 2271 1256 2315 doctrinam
1287 2269 1447 2314 Christi
1476 2283 1561 2311 non

74 2328 277 2384 auderit,
336 2329 508 2372 uoniam
532 2330 609 2386 qui
636 2330 677 2371 ei
706 2330 823 2371 ‘Ave'
851 2330 1015 2372 dixerit
1044 2328 1330 2371 communicat
1359 2341 1382 2369 o
1416 2326 1562 2369 eribus

43 2423 45 2425 .
73 2385 199 2430 iuius
327 2386 460 2443 iynis,
496 2385 607 2428 sicut
640 2383 851 2428 Iohannes
887 2383 1108 2442 apostolus
1145 2384 1218 2427 ait.
1278 2382 1361 2426 Cre
1392 2382 1450 2424 ite
1487 2394 1732 2424 ex-8.10h.11.

73 2448 198 2500 petto
233 2449 278 2485 et
313 2442 389 2499 qui
421 2442 643 2485 veritatem
683 2441 800 2495 dicit,
831 2441 916 2484 Dei
955 2440 1243 2484 testimonium
1272 2439 1417 2491 ascite,
1447 2438 1560 2496 quia,

42 2543 47 2553 Δ,
76 2510 177 2542 cum
211 2497 423 2541 eiusmodi
454 2513 590 2555 genus
624 2497 930 2541 monachorum
965 2498 1010 2540 in
1046 2503 1191 2539 nostra
1230 2494 1452 2552 provincia
1489 2502 1563 2537 aut

42 2554 214 2598 stolum
251 2555 308 2598 sit
348 2559 425 2597 aut
458 2555 657 2612 primum,
696 2554 757 2597 eis
794 2559 906 2597 certe
946 2560 1011 2597 est
1042 2567 1173 2611 grave
1212 2551 1266 2594 ad
1303 2549 1562 2594 audiendum

41 2621 45 2625 “
74 2609 262 2655 iustitiae
303 2609 504 2666 verbum,
552 2625 651 2653 cum
699 2624 784 2653 uno
827 2610 1012 2653 iustitiae
1054 2609 1225 2652 nomine
1269 2608 1563 2651 contineantur

40 2787 41 2790 Ἰ
76 2748 109 2784 ι)
129 2750 172 2777 ἐκ
191 2750 285 2784 Δηη·
306 2751 381 2784 quit
401 2752 426 2777 ι.

77 2875 114 2919 1)
146 2875 203 2911 of.
237 2877 347 2911 verba
371 2877 561 2920 Augustini
595 2876 660 2910 snb
694 2874 799 2909 finem
834 2876 938 2910 huius
964 2875 1105 2919 eapitis.
1228 2871 1266 2913 2)
1305 2871 1343 2905 S.
1368 2870 1558 2904 Benedicti

18 2880 199 3067 §regula
224 2936 256 2961 ο.
284 2926 318 2968 7,
343 2925 447 2968 grad.
474 2926 507 2959 6.
536 2924 569 2959 7.

27 3067 46 3093 g*

26 3102 46 3127 θ’,

47 3146 53 3157 Ρ

14 3131 76 3308 *R

10 3248 19 3280 i
