1878 3308
91 334 200 360 Ierem.
212 334 259 368 27,
263 335 288 361 7.

150 373 239 401 8.17.

89 493 199 520 Ierem.
210 492 290 527 29,'1.

305 222 350 256 28
547 223 613 256 DE
641 222 850 256 UNITATE
877 221 1148 255 ECCLESIAE
1177 221 1542 257 CONSERVANDA.

302 338 374 374 Et¹
401 339 575 383 propheta
599 339 821 380 Hieremias,
850 349 927 371 cum
948 338 1084 381 populo
1111 337 1182 371 Dei
1220 338 1329 372 veteri
1356 338 1632 381 praenuntiaret
1658 336 1790 380 captivi

302 394 407 423 tatem
444 393 474 422 et
507 388 677 421 divinitus
711 388 909 430 imperaret,
944 392 982 420 ut
1014 387 1212 420 obedienter
1245 387 1335 420 irent
1368 387 1406 420 in
1437 386 1675 431 Babyloniam
1707 385 1785 420 Deo

303 449 366 472 suo
392 438 495 471 etiam
519 437 590 470 ista
613 436 786 479 patientia
811 436 1010 477 servientes,
1035 434 1169 469 monuit
1194 441 1226 469 et
1249 435 1336 478 ipse,
1370 440 1409 468 ut
1434 441 1597 470 oraretur
1615 446 1684 479 pro
1711 435 1787 478 illa,

304 485 435 528 dicens,
461 485 566 529 quia.-
593 485 637 518 In
656 485 729 518 eius
750 496 839 528 pace
857 491 906 518 est
926 495 1004 528 pax
1022 491 1150 526 vestra,
1167 483 1286 527 utique
1303 484 1443 518 interim
1459 484 1670 528 temporalis,
1698 495 1788 527 quae

302 534 400 569 bonis
431 534 601 578 malisque
635 534 867 567 conveniensa
893 539 952 567 est.
1003 533 1107 566 Pace²
1139 537 1256 567 autem
1286 537 1407 566 nostra
1426 533 1564 576 patria,
1590 538 1622 567 et
1655 532 1711 566 hic
1737 538 1786 567 cst

303 596 379 619 cum
406 584 480 617 Deo
518 595 585 626 per
609 583 730 627 fidem,
766 588 797 616 et
828 582 867 616 in
894 586 1072 616 aeternum
1097 582 1162 616 erit
1187 593 1265 615 cum
1289 582 1350 615 illo
1369 593 1439 625 per
1463 582 1619 626 speciem.
1669 581 1799 627 Iqitur*

304 633 471 667 terrena³
498 632 633 672 civitas,
668 642 758 675 quae
783 643 854 664 non
880 630 965 664 vivit
991 643 1033 664 ea:
1055 631 1142 674 fide,
1177 635 1351 664 terrenam
1380 641 1505 674 pacem
1538 629 1681 674 appetit,
1716 641 1788 674 qua

302 681 418 725 defiyit
451 681 650 724 imperandi
683 680 934 723 obediendique
967 680 1189 714 concordiam
1220 679 1360 721 civium,
1395 683 1434 713 ut
1468 680 1513 713 sit
1545 679 1589 714 iis
1615 679 1659 714 de
1682 679 1786 713 rebus

303 731 352 764 ad
368 731 548 763 mortalem
572 728 681 762 vitam
699 729 958 772 pertinentibus
983 729 1221 762 humanarum
1245 729 1420 772 quaedam
1441 727 1640 772 compositio
1664 729 1788 762 volun-

302 784 425 813 tatum.
478 777 608 811 Civitas
634 784 750 811 autem
774 777 940 819 caelestis,
966 789 1057 821 quae
1082 778 1120 810 in
1145 778 1210 811 liae
1239 777 1452 811 mortalitate
1470 777 1723 821 pereqrinatar
1756 782 1788 811 et

301 826 389 862 vivit
423 838 465 861 ese
482 827 569 870 fide,
601 827 706 860 etiam
733 827 803 860 ista
827 838 919 870 pace
949 837 1085 860 necesse
1119 832 1169 860 est
1203 832 1337 868 utatur,
1369 826 1477 860 donec
1500 825 1593 870 ipsa,
1620 824 1678 860 cui
1705 825 1787 859 talis

296 887 376 932 paef-
401 875 603 910 necessaria
624 881 684 917 est,
710 875 905 909 mortalitas
932 881 1102 910 transeat.
1140 874 1191 909 Ac
1209 886 1279 918 per
1299 875 1362 908 hoc
1387 875 1472 908 dum
1499 875 1597 918 apud
1613 878 1788 908 terrenam

303 924 476 959 civitatem
501 925 595 958 velut
620 925 762 968 captiva
786 924 895 958 vitam
922 936 1007 958 suae
1026 923 1324 968 pereqrinationis
1351 924 1434 968 aqit,
1460 924 1533 957 iam
1551 921 1788 967 promissione

303 974 551 1030 redemptionis
577 978 607 1006 et
633 974 725 1006 dono
751 972 906 1016 spiritali
931 979 1100 1016 tanquam
1120 972 1269 1017 piqnore
1295 978 1445 1016 accepto,
1473 973 1604 1017 leqibus
1630 977 1789 1006 terrenae

305 1022 469 1064 civitatis,
503 1022 629 1066 quibus
662 1022 747 1055 haec
779 1021 1086 1063 administrantur,
1120 1033 1212 1065 quae
1246 1022 1497 1056 sustentandae
1530 1021 1672 1055 mortali
1694 1021 1788 1055 vitae

303 1071 564 1105 accommodata
598 1076 690 1112 sunt,
717 1071 951 1114 obtemperare
975 1082 1046 1104 non
1073 1070 1222 1112 dubitat,
1254 1076 1303 1111 ut,
1331 1071 1498 1114 quoniam
1523 1069 1714 1104 communis
1739 1074 1789 1104 est

303 1121 383 1164 ipsa
408 1119 615 1161 mortalitas,
651 1124 808 1153 servetur
832 1119 870 1153 in
895 1120 999 1153 rebus
1027 1120 1075 1153 ad
1100 1131 1176 1153 eam
1195 1120 1454 1163 pertinentibus
1487 1119 1579 1153 inter
1603 1122 1788 1193 utramque

304 1170 478 1203 civitatem
503 1169 701 1202 concordia.

419 1213 475 1256 Et
509 1214 635 1269 longe
672 1228 802 1278 supra
835 1214 881 1255 in
915 1213 1025 1255 libro
1065 1221 1215 1270 quarto
1255 1213 1308 1256 de
1345 1213 1517 1256 civitate
1552 1212 1638 1255 Dei
1672 1211 1788 1254 idem

304 1270 570 1334 Augustinus
607 1269 754 1311 scribit
768 1276 799 1323 4,
841 1283 1190 1323 commemorans,
1227 1268 1406 1334 qualiter
1440 1269 1561 1312 Deus
1597 1274 1789 1311 terrenae

306 1340 475 1383 quoque
512 1326 695 1368 civitatis
724 1340 905 1381 regnum
943 1325 1144 1381 disponit.
1201 1336 1312 1378 Deus,
1345 1326 1496 1382 inquit,
1529 1335 1586 1369 itte
1601 1333 1788 1379 felicitatis

306 1391 429 1419 auctor
462 1391 493 1419 et
527 1386 642 1427 dator,
676 1385 763 1428 quia
796 1386 890 1419 solus
925 1391 974 1419 est
998 1397 1102 1419 verus
1127 1385 1239 1426 Deus,
1265 1385 1340 1428 ipse
1366 1386 1430 1419 dat
1454 1396 1565 1429 reqna
1591 1390 1732 1418 terrena
1757 1388 1789 1416 et

306 1434 403 1468 bonis
437 1439 468 1468 et
499 1435 614 1476 malis,
650 1445 760 1477 neque
792 1435 855 1468 hoc
881 1440 1002 1468 temere
1028 1440 1059 1468 et
1083 1434 1188 1477 quasi
1204 1434 1369 1478 fortuito,
1401 1434 1488 1477 quia
1511 1433 1612 1467 Deus
1637 1437 1687 1467 est
1717 1443 1787 1466 non

296 1484 461 1527 fortuna,
490 1484 551 1517 sed
570 1495 639 1526 pro
664 1495 782 1517 rerum
808 1487 839 1517 et
863 1488 1055 1526 temporum
1080 1483 1203 1517 ordine
1229 1484 1360 1516 occulto
1377 1482 1488 1525 nobis,
1514 1481 1692 1516 notissimo
1710 1479 1787 1522 sibi,

307 1533 365 1566 cui
390 1538 506 1565 tamen
537 1531 656 1565 ordini
688 1536 879 1575 temporum
904 1544 975 1565 non
1001 1532 1162 1565 subditus
1188 1531 1305 1574 servit,
1331 1532 1393 1565 sed
1418 1543 1496 1565 eum
1519 1531 1594 1575 ipse
1613 1535 1789 1586 tanquam

307 1580 470 1614 dominus
487 1582 575 1625 regit
590 1581 855 1623 moderatorque
872 1581 1038 1624 disponit.
1073 1580 1291 1614 Felicitatem
1307 1592 1388 1614 vero
1414 1592 1485 1614 non
1502 1580 1566 1613 dat
1582 1578 1653 1612 nisi
1669 1577 1788 1618 bonis,-

307 1630 399 1663 hanc
433 1628 524 1663 enim
550 1635 699 1672 possunt
731 1635 762 1662 et
795 1641 867 1662 non
898 1630 1025 1663 habere
1059 1634 1090 1663 et
1115 1629 1241 1663 habere
1266 1629 1464 1670 servientes,
1485 1633 1638 1672 possunt
1662 1633 1694 1661 et
1717 1638 1790 1660 non

305 1678 432 1712 habere
466 1684 497 1711 et
530 1675 705 1722 reqnareb
741 1682 939 1722 reqnantes,
973 1689 1063 1721 quae
1096 1683 1212 1711 tamen
1239 1678 1352 1721 plena
1384 1678 1423 1711 in.
1454 1689 1496 1711 ea
1527 1676 1602 1710 vita
1627 1676 1702 1717 erit,
1729 1675 1790 1708 ubi

305 1739 404 1761 nemo
438 1728 511 1760 iam
545 1726 671 1760 serviet
702 1726 778 1760 ulli.
829 1727 877 1760 Et
910 1727 988 1760 ideo
1017 1738 1129 1771 reqna
1154 1733 1293 1760 terrena
1319 1733 1351 1761 et
1376 1725 1474 1760 bonis
1500 1726 1544 1759 ab
1569 1725 1628 1759 illo
1654 1725 1790 1759 dantur

306 1781 338 1810 et
362 1775 476 1818 malis,
502 1787 546 1809 ne
571 1776 645 1809 eius
671 1777 819 1809 cultores
846 1776 962 1809 adhuc
980 1775 1129 1819 parvuli
1153 1775 1192 1809 in
1211 1781 1382 1819 provectu
1413 1775 1523 1808 afnimi
1555 1775 1644 1808 haec
1679 1774 1723 1806 ab
1750 1783 1788 1807 eo
1843 1807 1845 1810 ,

305 1836 453 1859 munera
484 1825 588 1867 quasi
620 1836 786 1868 magnum
822 1823 960 1867 aliquid
990 1825 1248 1868 concupiscant.
1297 1825 1345 1858 Et
1370 1824 1432 1858 hoc
1457 1829 1506 1858 est
1530 1828 1789 1857 sacramentum

314 1873 445 1907 Veteris
469 1873 688 1915 Testamenti,
713 1872 774 1907 ubi
791 1874 962 1907 occultum
979 1879 1055 1907 erat
1078 1885 1219 1914 novum,
1246 1874 1340 1916 quod
1356 1872 1428 1907 illic
1437 1872 1619 1916 promissa
1644 1877 1676 1906 et
1692 1871 1788 1905 dona

305 1926 445 1956 terrena
462 1927 543 1956 sunt
559 1922 829 1966 intelliqentibus
856 1927 887 1956 et
912 1927 995 1956 tunc
1013 1921 1244 1965 spiritalibus,
1270 1922 1429 1965 quamvis
1445 1919 1602 1955 nondum
1619 1921 1657 1954 in
1674 1919 1789 1953 mani-

296 1971 490 2014 festatione
517 1970 822 2014 praedicantibus,
857 1977 887 2004 et
912 1982 1002 2014 quae
1027 1971 1099 2004 illis
1124 1970 1372 2014 temporalibus
1397 1970 1501 2004 rebus
1534 1969 1791 2014 siqni‘ficaretua·

307 2019 508 2061 aeternitas,
535 2026 566 2053 et
591 2019 717 2063 quibus
742 2019 813 2053 Dei
838 2020 941 2053 donis
967 2026 1052 2054 esset
1077 2031 1163 2053 vera
1177 2020 1349 2063 felicitas.
1402 2019 1503 2060 Quae
1529 2030 1607 2052 cum
1631 2019 1684 2052 ita
1708 2017 1789 2060 sint,

305 2087 376 2108 non
395 2074 600 2116 tribuamus,
629 2066 768 2121 inquit
779 2071 806 2118 ⁵,
838 2075 952 2108 dandi
968 2074 1068 2118 reyni
1093 2079 1195 2117 atque
1212 2073 1352 2118 imperii
1366 2079 1574 2117 potestatem
1597 2071 1695 2107 nisi⁰
1711 2072 1788 2106 Deo

305 2135 399 2165 vero,
425 2124 486 2166 qui
511 2124 574 2158 dat
587 2125 797 2167 felicitatem
822 2124 861 2157 in
884 2135 990 2168 reqno
1016 2124 1192 2158 caelorum
1216 2122 1299 2157 solis
1319 2124 1405 2167 piis,
1439 2134 1585 2167 reqnum
1615 2133 1696 2156 vero
1722 2126 1789 2155 ter-

305 2183 429 2206 renum
463 2178 495 2206 et
521 2174 595 2215 piis
630 2180 661 2207 et
692 2174 820 2217 impiis,
854 2173 942 2206 sicut
976 2172 1008 2206 ei
1034 2174 1165 2216 placet,
1200 2173 1258 2206 cui
1281 2172 1372 2206 nihil
1394 2172 1523 2206 iniuste
1541 2173 1672 2216 placet.
1722 2170 1790 2204 Ille

306 2221 396 2254 enim
434 2232 526 2254 unus
566 2233 668 2255 verus
705 2223 815 2263 Deus,
852 2221 914 2264 qui
950 2233 1012 2255 nec
1047 2221 1179 2254 iudicio
1210 2232 1272 2254 nec
1306 2221 1482 2254 adiutorio
1515 2219 1643 2255 deserit
1677 2229 1788 2263 qenus

305 2270 509 2310 humanum,
536 2272 679 2313 quando
705 2271 815 2304 voluit
840 2275 872 2304 et
896 2276 1067 2313 quantum
1090 2269 1211 2309 voluit,
1236 2269 1406 2302 Romanis
1426 2280 1571 2313 regnum
1595 2267 1703 2311 dedit,
1729 2267 1790 2310 qui

307 2317 411 2351 etiam
436 2319 533 2352 dedit
557 2319 675 2353 Persis
700 2324 732 2353 et
755 2319 923 2362 Assyriis.
974 2317 1032 2352 Sic
1057 2329 1192 2362 quoque
1216 2317 1315 2351 Deus
1340 2329 1486 2361 reqnum
1518 2317 1617 2351 dedit
1641 2315 1787 2350 homini-

308 2367 383 2407 bus,
410 2366 471 2409 qui
489 2367 608 2401 Mario
633 2366 738 2411 ipsed
764 2372 795 2402 et
821 2367 904 2401 Gaio
924 2366 1078 2423 Caesari,
1104 2366 1166 2409 qui
1182 2364 1340 2410 Auyusto
1366 2362 1470 2409 ipses¹
1496 2372 1528 2399 et
1555 2364 1700 2406 Neroni,
1727 2365 1789 2408 qui

316 2415 540 2458 Vespasianis
558 2421 589 2449 et
600 2416 701 2459 patri
718 2423 750 2450 et
757 2415 848 2460 filio,
874 2414 1092 2449 suavissimis
1109 2415 1389 2458 imperatoribus,
1414 2412 1517 2458 ipsed
1535 2420 1566 2448 et
1582 2414 1788 2447 Domitiano

307 2463 555 2504 crudelissimo,
583 2469 614 2498 et
637 2477 681 2498 ne
701 2477 769 2508 per
786 2465 943 2508 sinqulos
962 2465 1014 2498 ire
1030 2475 1166 2498 neeesse
1183 2463 1237 2505 sit,
1263 2464 1324 2506 qui
1342 2462 1566 2497 Constantino
1584 2463 1788 2504 christiano,

306 2515 409 2560 ipse⁸¹
437 2524 617 2561 apostatae
642 2520 797 2553 Iuliano.
839 2509 898 2551 Et
926 2515 1023 2566 post
1050 2508 1241 2565 aliqua⁶.
1274 2518 1396 2561 Neque
1420 2529 1501 2552 vero
1526 2530 1601 2560 nos,
1637 2507 1788 2564 inquit,

308 2566 515 2600 christianos
548 2569 720 2610 quosdam
751 2569 978 2611 imperatores
1009 2569 1087 2602 ideo
1112 2567 1240 2611 felices
1273 2567 1433 2609 dicimus,
1468 2566 1554 2610 quia
1585 2573 1617 2601 et
1654 2567 1788 2601 diutius

309 2694 340 2730 a)
363 2696 531 2721 communis
553 2695 626 2728 Auy.
708 2695 738 2729 b)
760 2698 790 2722 et
810 2704 940 2729 regnare
960 2697 1017 2724 des.
1040 2696 1117 2729 Any.
1199 2695 1227 2730 e)
1249 2703 1310 2722 non
1334 2697 1360 2724 1.
1442 2694 1474 2729 d)
1495 2696 1556 2729 ipsi
1578 2697 1604 2724 1.

311 2806 348 2851 1)
388 2809 429 2842 L.
458 2819 487 2841 o.
526 2820 561 2852 p.
589 2807 671 2842 571.
726 2826 729 2829 -
807 2809 844 2851 2)
883 2809 985 2842 Haec
1020 2809 1104 2842 alibi
1140 2819 1302 2852 quaeras.
1428 2809 1476 2850 ,3)
1509 2809 1553 2841 L.
1581 2819 1612 2841 c.
1646 2819 1680 2851 p.
1707 2806 1790 2840 561.

310 2857 347 2899 4)
375 2858 417 2890 L.
433 2868 463 2891 c.
479 2858 560 2899 VII,
585 2869 620 2902 p.
638 2857 718 2891 112.
746 2862 781 2890 et
797 2858 877 2892 113.
945 2856 983 2901 5)
1010 2858 1051 2891 L.
1069 2868 1097 2891 e.
1114 2859 1198 2899 VII,
1225 2870 1258 2902 p.
1277 2857 1357 2890 138.
1426 2860 1461 2897 6)
1488 2856 1627 2890 Ibidem
1653 2867 1689 2900 p.
1707 2855 1791 2889 141.
