1878 3308
337 229 407 263 DE
431 229 644 264 uurrA'rE
670 231 943 266 ECCLESIAE
971 231 1338 266 CONSERVANDA.
1568 236 1591 268 9

85 341 254 384 ,imre
286 357 424 399 neque
451 357 538 398 per
576 342 755 397 caelum,
797 359 933 400 neque
958 357 1042 398 per
1076 350 1252 396 terram,
1290 359 1427 400 neque
1465 345 1591 388 aliud

97 396 397 455 quodcumque
424 399 719 441 iuramentum
727 415 744 453 ,·
780 401 838 442 sit
874 406 1014 442 autem
1043 413 1179 441 sermo
1208 407 1372 442 vester.-
1405 406 1478 453 est,
1518 408 1590 455 est,

96 467 203 507 non,
230 467 335 507 non,
364 459 414 496 ut
442 469 531 497 non
560 455 638 496 sub
670 455 833 498 iudicio
854 455 1080 498 decidatis.
1122 453 1232 496 Cum
1261 464 1405 500 autem
1435 455 1591 513 aliquis

94 508 316 564 iun-averit,
355 510 717 553 considerandum
747 517 825 565 est,
853 525 940 554 non
969 509 1107 553 solum
1137 511 1222 564 cui,
1252 511 1328 555 sed
1358 527 1436 569 per
1465 527 1592 569 quem
1626 539 1628 541 -

93 564 312 620 iuraverit,
341 567 599 609 constrictus
628 567 806 624 perinde
835 566 970 610 divini
998 567 1267 610 attestatione
1299 569 1502 622 nominis3
1532 575 1593 611 at-

125 634 181 664 1ιο
205 621 312 665 ideo
348 624 424 680 qui
452 622 738 666 iuramentum
777 623 1096 679 contempserit,
1130 622 1251 666 illum
1280 623 1430 680 procul
1460 624 1592 668 dubio

203 678 293 733 icit,
312 692 391 735 per
410 693 539 736 quem
557 680 727 733 iuravit,
755 678 901 736 illique
919 679 1121 720 iniuriam
1142 679 1260 733 facit,
1290 681 1410 722 cuius
1430 681 1592 722 nomini

199 733 280 777 'dit
305 734 592 788 adversarius,
621 736 754 777 immo
783 749 869 777 non
898 736 983 776 iam
1004 735 1287 790 adversarius,
1317 736 1394 779 sed
1413 737 1590 779 amicus.

93 789 223 833 Unde
254 805 335 848 per
370 790 668 848 supradictum
703 790 957 848 prophetam
996 790 1267 834 Ezechielem
1303 792 1591 849 comprobans

93 844 308 890 Dominus
326 847 626 900 iuramentum,
657 848 772 904 quod
796 848 956 890 fecerat
976 847 1207 890 Sedechias
1236 849 1328 904 regi
1357 848 1450 891 Bab
1483 847 1591 891 lonis

95 908 139 945 et
165 902 336 946 irritum
364 903 537 957 fecerat,
568 918 694 945 suum
723 904 877 959 magis,
909 918 1037 961 quam
1058 903 1230 946 alterius
1250 904 1402 946 fuisse:
1433 863 1715 958 bom-⁸²⁰5&
1730 893 1778 926 ¹⁷'

93 963 179 1013 tur,
213 959 367 1016 inquit,
401 962 453 1002 in
484 961 884 1016 praevaricatione,
925 976 1015 1017 qua
1054 960 1252 1015 despexit
1290 977 1366 1003 me.
1425 961 1590 1003 Periuri

73 1014 256 1072 quippe
285 1018 478 1072 ‘regnum
510 1015 596 1058 Dei
625 1030 711 1057 non
739 1015 1047 1072 possidebunt’,
1078 1016 1191 1058 sicut
1224 1017 1331 1058 dicit
1358 1016 1589 1072 apostolus,
1604 1021 1642 1047 0¹·
1659 1019 1766 1046 ¹·001·

96 1070 232 1113 immo
260 1085 343 1128 per
368 1071 611 1129 apostolum
641 1072 870 1126 Dominus,
902 1073 975 1129 qui
1005 1072 1131 1128 plane
1160 1072 1285 1115 beato
1317 1073 1445 1114 Petro
1475 1080 1517 1116 et
1546 1075 1590 1115 in
1625 1059 1691 1092 θ’θ’
1708 1061 1758 1087 ¹⁰*

90 1125 190 1184 ipso
227 1135 403 1171 sanetae
439 1127 647 1171 ecclesiae
685 1127 804 1171 dedit
832 1129 900 1170 ius
927 1128 1090 1184 ligandi
1119 1135 1250 1184 atque
1279 1128 1485 1181 solvendi,
1516 1129 1589 1171 sed

91 1181 267 1226 vincula
303 1191 595 1241 peccatorum,
634 1197 721 1226 non
760 1191 808 1227 ut
836 1184 1022 1227 solveret
1050 1191 1318 1226 sacramenta
1346 1185 1590 1226 divinarum

94 1239 421 1296 scripturarum.
479 1239 608 1294 Quod
646 1240 661 1281 i
694 1255 740 1282 se
769 1242 897 1282 etiam
928 1240 1203 1283 confirmasse
1231 1239 1388 1296 legitur
1416 1247 1591 1283 sanctus

93 1293 249 1338 Petrus
288 1297 333 1338 in
368 1295 479 1338 libro
517 1296 573 1339 de
603 1310 651 1338 or
682 1296 900 1339 inatione¹
931 1297 1065 1338 saneti
1097 1295 1343 1349 Clementis,
1373 1296 1449 1339 ubi
1479 1310 1590 1339 com-

95 1350 272 1394 mendat
321 1351 428 1395 haec
477 1351 705 1409 diligenter
761 1352 1030 1395 observanda
1078 1351 1276 1394 omnibus
1325 1351 1590 1395 christianis:

104 1415 343 1452 Veruntamen
367 1418 472 1460 iuna,
498 1409 712 1465 inquiens,
743 1424 804 1460 ese,
830 1419 925 1461 quod
944 1429 1037 1461 prae
1054 1417 1174 1452 ceteris
1192 1417 1352 1451 omnibus
1373 1418 1470 1451 vobis
1489 1417 1590 1462 cupio

95 1465 136 1499 in
165 1476 347 1500 conam
379 1468 528 1510 tervan}
563 1474 602 1501 ut
635 1467 860 1501 concordiam
893 1466 1052 1508 teneatis,
1077 1478 1147 1510 per
1178 1467 1272 1510 quod
1303 1468 1416 1500 solum
1444 1466 1591 1510 potestis

90 1519 237 1558 portua
269 1514 397 1559 quietis
428 1516 565 1550 intrare
598 1522 631 1550 ce
665 1517 839 1550 civitatem
864 1515 971 1560 Reyt's
996 1516 1134 1557 summi,
1160 1527 1250 1559 quae
1269 1527 1348 1558 pax
1375 1516 1590 1549 nominatur.

97 1561 303 1598 mecm
329 1570 446 1599 autem
471 1566 565 1600 hunc
592 1564 792 1609 episcopum
819 1564 915 1598 vobis
933 1564 1059 1598 ordino
1086 1570 1118 1597 et
1142 1564 1266 1597 datam
1291 1563 1378 1597 mihi
1399 1576 1422 1596 a
1439 1564 1591 1598 Domino

88 1616 301 1656 potestatem
334 1612 475 1658 ligandi
506 1620 538 1648 et
564 1613 722 1648 solvendi
746 1613 863 1655 trado,
899 1619 937 1646 ut
962 1613 1006 1646 de
1033 1613 1191 1646 omnibus
1218 1624 1447 1656 quaecunque
1473 1613 1590 1646 decre-

95 1660 186 1695 verit
221 1661 261 1694 in
293 1662 396 1695 terrie
427 1663 492 1697 hoc
523 1663 701 1697 decretum
734 1661 778 1694 xit
810 1661 848 1695 in
883 1662 1001 1695 caelis.
1052 1660 1196 1705 Liyabit
1223 1661 1314 1695 em‘m
1339 1661 1433 1705 quod
1458 1665 1591 1704 oportet

96 1708 216 1756 Sym-i,
242 1714 275 1744 et
298 1710 406 1746 solvet
430 1712 526 1756 quod
551 1711 692 1755 expedit
718 1710 808 1744 solvi
819 1711 847 1752 ²,
873 1716 1043 1754 tanquam
1067 1709 1129 1753 qui
1154 1710 1203 1743 ad
1228 1710 1402 1754 liquidum
1428 1709 1590 1743 ecclesiae

94 1765 254 1810 mulo-
285 1766 458 1802 novor-in.
525 1756 655 1809 Ecce,
705 1755 876 1820 qualem
920 1763 1093 1797 sanctus
1136 1755 1288 1797 Petrus
1332 1769 1358 1796 a
1401 1755 1589 1796 Domino

154 1815 351 1854 testatem
370 1813 539 1869 accepit
567 1811 732 1869 ligandi
762 1819 892 1868 atque
922 1809 1130 1863 solvendi,
1161 1810 1287 1853 talem
1318 1818 1360 1852 et
1388 1812 1480 1866 ipse
1509 1816 1590 1852 tra-

141 1864 206 1909 dit
242 1866 335 1909 eius
364 1869 615 1922 successori,
646 1866 810 1910 scilicet
849 1868 892 1909 in
928 1866 1009 1920 his,
1046 1881 1158 1931 quae
1193 1872 1361 1923 oportet
1395 1866 1518 1921 ligari
1549 1874 1591 1908 et

96 1935 208 1979 quae
236 1923 416 1979 expedit
438 1923 559 1975 solvi,
589 1938 677 1965 non
705 1929 753 1964 ut
773 1923 909 1965 solvat
938 1922 1094 1979 aliquis
1119 1923 1375 1979 scripturam
1397 1922 1588 1975 Domini,

94 1990 207 2076 guae
235 1992 320 2020 non
349 1986 492 2036 potest
519 1978 606 2021 ulla
633 1979 792 2020 virtute
823 1978 1017 2030 convelli,
1047 1983 1056 2004 ‘
1091 1979 1263 2019 uoniam
1299 1978 1467 2019 firmum
1498 1977 1589 2019 fun·
1603 1985 1711 2012 2·T¹m·
1724 1986 1802 2018 ’,ιλ

125 2039 345 2076 amentum
378 2035 460 2077 Dei
491 2036 599 2089 stat',
628 2036 739 2076 sicut
767 2033 987 2090 apostolus
1016 2048 1041 2075 a
1091 2039 1213 2075 rmat.
1271 2033 1328 2075 Et
1396 2038 1590 2089 ropterea

94 2089 189 2146 ipse
217 2097 388 2133 sanctus
418 2091 571 2133 Petrus
601 2090 655 2132 de
683 2088 841 2132 talibus
870 2091 1084 2132 instruens
1118 2090 1290 2132 beatum
1322 2089 1357 2131 C
1377 2096 1588 2131 ementem

96 2152 139 2188 et
167 2159 247 2202 per
272 2160 368 2188 eum
396 2161 543 2188 omnes
573 2159 844 2188 successores
875 2159 988 2199 suos,
1017 2146 1171 2202 repetit
1200 2152 1242 2188 et
1270 2145 1394 2188 dicit:
1430 2154 1496 2196 Tu,
1527 2146 1588 2187 in-

123 2201 260 2255 uienfl,
296 2212 335 2241 ut
371 2207 461 2249 dixi,
498 2218 590 2250 quae
628 2210 760 2249 oportet
797 2205 936 2250 liqaln's,
970 2210 1001 2239 et
1035 2216 1127 2248 quae
1166 2205 1306 2249 expedit
1338 2206 1459 2239 solves.
1518 2200 1587 2242 Ex

124 2258 162 2300 is
213 2264 327 2300 certe
378 2258 578 2301 omnibus
629 2256 903 2299 manifestum
952 2263 1036 2308 est,
1086 2257 1380 2313 supradictum
1428 2269 1587 2313 papam

93 2311 437 2357 Hildebrandum
467 2314 622 2356 iniuste
670 2314 830 2370 pariter
878 2319 920 2355 et
962 2311 1052 2354 indi
1115 2327 1137 2354 e
1180 2313 1436 2369 imposuisse
1477 2312 1587 2356 hanc

93 2374 240 2412 notam
277 2368 347 2412 vel
374 2369 608 2412 Zachariae
644 2368 713 2411 vel
744 2368 977 2426 Stephano,
1018 2326 1111 2410 rei?
1130 2369 1231 2410 iosis
1267 2369 1414 2426 utique
1482 2371 1587 2412 onti-

92 2423 249 2468 ficibus
288 2425 507 2468 Romanae
542 2424 763 2478 ecclesiae,
802 2431 850 2467 ut
885 2423 1068 2467 alicuius
1136 2438 1256 2466 orum
1291 2439 1447 2482 exemp
1466 2439 1490 2467 ο
1520 2424 1587 2467 vel

94 2478 223 2523 ullius
253 2480 411 2524 Sacrae
442 2482 691 2540 Scripturae
720 2481 963 2523 testimonio
993 2486 1140 2537 posset
1167 2479 1388 2523 absolvere
1422 2495 1448 2523 a
1476 2482 1585 2523 iura-

94 2542 254 2592 mento,
274 2551 359 2635 (1υο
378 2537 508 2580 fidem
529 2539 774 2580 iuraverant
793 2538 885 2603 regi
906 2550 998 2590 suo,
1012 2534 1080 2578 vel
1100 2537 1318 2594 principes
1340 2536 1410 2579 vel
1431 2536 1585 2579 milites

95 2592 158 2634 rei
195 2591 407 2649 pubicae.
469 2593 558 2643 Qui
596 2595 710 2637 enim
748 2593 873 2635 solvit
904 2599 1101 2649 pactum,
1142 2593 1345 2650 nunquid
1385 2583 1776 2650 ffuqietpnxgetbiv.

100 2718 135 2757 1)
170 2717 334 2762 Epistula
368 2718 564 2754 Clementis
598 2720 645 2754 nd
680 2720 865 2761 Iacobum,
902 2731 945 2753 ex
982 2719 1099 2753 Rufini
1138 2721 1429 2764 interpretatione
1466 2731 1497 2753 c.
1529 2720 1582 2752 13.

97 2765 274 2800 Collectio
325 2771 465 2811 patrum
515 2769 790 2813 apostolicorum
844 2768 941 2802 edid.
986 2768 1205 2809 Cotelerins,
1256 2770 1435 2812 Antwerp.
1482 2768 1585 2802 1698.

96 2814 136 2896 ἓ)
157 2815 322 2895 ξτιοοοε
350 2812 453 2860 otiosi
468 2813 535 2863 γὰρ
557 2811 578 2851 ὃ
601 2814 658 2851 δεῖ
674 2814 839 2861 δεθῆναι,
865 2817 922 2850 καὶ
947 2813 1045 2851 λύσει
1071 2811 1092 2850 ὃ
1120 2814 1175 2851 δεῖ
1200 2814 1364 2860 λυθῆναι.
1451 2818 1489 2858 3)
1515 2817 1537 2849 l.
1554 2827 1585 2849 c.
