1878 3308
299 295 368 331 1)ss
393 296 607 331 UNITATE
633 297 908 332 ECCLESIAE
935 297 1307 334 CONSERVANDA.
1505 300 1554 333 67

0 443 2 453 .
50 408 118 452 vit
143 407 366 475 filiumque
394 409 488 450 eius
518 408 787 466 Adalgisum,
815 411 861 452 in
890 425 1019 468 quem
1050 425 1149 468 spes
1178 420 1382 468 paternae
1408 418 1552 468 tyran-

50 464 167 508 nidis
194 464 402 507 inohnata
419 463 660 519 videbatur,
690 465 744 509 de
772 465 900 509 Italia
927 466 1106 525 expulit,
1136 474 1178 510 et
1199 467 1403 510 Romanis
1422 475 1552 526 atque

51 519 245 564 Adriano
272 520 494 564 Romanae
534 520 742 564 ecclesiae
780 523 936 565 rectori
974 537 1042 566 res
1081 537 1180 566 suas
1209 524 1407 578 restituit,
1443 539 1554 582 quas

0 594 2 596 ’
50 575 220 620 hostilis
247 576 437 620 incursio
466 577 713 633 abstulerat,
742 579 854 621 sicut
880 577 992 621 liber
1019 579 1074 622 de
1091 580 1261 636 gestisi
1296 580 1385 622 sius
1407 579 1552 623 Caroli

51 632 216 676 indicat
228 641 258 676 ¹.
303 634 409 677 Post
437 633 542 676 haec
562 635 691 677 etiam
723 635 917 692 sequitur
945 643 989 678 et
1016 635 1133 690 dicit,
1164 650 1249 693 quo
1298 636 1552 679 Lotharium

50 687 259 732 Nicolaus
295 704 412 747 papa
449 689 506 732 ad
542 689 831 733 obediendum
871 693 1105 735 canonicae
1140 690 1227 748 legi
1264 707 1339 736 coe
1372 694 1466 744 erit,
1509 700 1553 736 et

50 745 214 789 invicta
242 747 481 789 temeritate
499 746 717 790 Adrianus
745 747 1027 791 damnaverit.
1066 747 1194 791 Certe
1222 764 1307 792 non
1359 750 1553 793 amnavit

51 801 305 844 Lotharium
338 817 484 860 regem
514 801 747 858 Adrianus,
784 803 863 846 sed
899 811 999 860 post
1027 805 1209 861 primam
1246 813 1289 849 et
1317 806 1551 849 secundam

52 871 175 901 corre
206 858 367 901 tionem
408 872 489 916 pro
532 859 711 903 crimine
754 858 977 913 adulterii,
1021 875 1107 918 quo
1182 861 1323 906 ublice
1370 877 1551 919 regnum

50 928 151 957 mac
224 922 358 969 verat,
385 915 618 972 persistens
646 915 788 958 adhuc
815 916 861 958 in
880 916 1078 960 sordibus
1098 917 1151 960 de
1169 918 1279 975 iquit
1306 920 1400 976 ipse
1428 920 1552 962 iuxta

0 1015 2 1020 ,
49 970 307 1013 sententiam
344 970 530 1028 apostoli
566 973 744 1029 proprio
782 972 943 1015 iudicio
974 973 1295 1029 condemnatae,
1333 976 1551 1040 quoniam,

0 1021 3 1031 ’
52 1039 154 1069 cum
181 1025 236 1069 de
265 1040 398 1069 manu
425 1027 563 1084 ipsius
591 1027 807 1085 pontificis
835 1028 893 1072 ad
922 1029 1319 1087 comprobationem
1349 1046 1550 1074 innocen-

51 1082 139 1126 tiae
173 1097 278 1125 suae
315 1097 472 1149 corpus
511 1092 556 1127 et
590 1087 845 1142 sanguinem
880 1085 1060 1128 Domini
1095 1101 1194 1129 reus
1230 1088 1427 1144 accipere
1463 1103 1551 1131 non

0 1152 4 1188 ξ
51 1138 279 1193 timuisset,
315 1139 526 1182 iud1cium
562 1140 645 1183 sibi
682 1141 961 1184 manducavit
990 1149 1033 1185 et
1061 1143 1171 1186 bibit
1199 1143 1297 1187 ideo
1329 1159 1383 1187 ue
1412 1145 1550 1187 Roma

0 1209 6 1251 :⁸
50 1209 249 1254 egressus
285 1195 415 1252 paulo
443 1202 542 1252 post
568 1196 615 1238 in
653 1197 828 1240 civitate
856 1198 1079 1241 Placentia
1114 1198 1221 1242 obiit
1238 1208 1267 1242 ².
1366 1215 1391 1242 o
1420 1201 1549 1243 etiam

0 1272 2 1276 ·
50 1249 181 1294 modo
210 1250 479 1294 Heriberdus
507 1267 599 1306 reX,
626 1252 758 1296 frater
777 1253 995 1310 Sigiberdi
1014 1256 1130 1311 regis
1150 1256 1432 1310 Francorum,
1461 1257 1550 1299 Dei

49 1307 212 1350 iudicio
247 1321 476 1365 percussus
515 1317 592 1362 est,
630 1318 862 1368 postquam
891 1325 919 1353 a
947 1319 1095 1354 sancto
1125 1310 1342 1355 Germano
1376 1313 1550 1355 Pan-hi-

51 1364 206 1407 siensis
244 1362 451 1407 ecclesiae
489 1366 696 1430 episcopo
724 1372 900 1423 propter
928 1366 1037 1409 duas
1066 1382 1247 1423 sorores,
1276 1367 1439 1425 puellas
1470 1371 1549 1411 sei-

0 1423 6 1467 Ξ
49 1417 153 1463 licet
179 1418 408 1463 derelictae
436 1435 623 1477 regmae,
655 1437 762 1479 quas
790 1422 929 1479 prole
964 1424 1081 1466 ’timo
1103 1425 1303 1480 coniugio
1322 1432 1551 1483 acceperat

0 1483 7 1532 Q
50 1476 98 1518 in
133 1489 307 1528 uxores,
350 1478 749 1520 excommunicatus
778 1485 883 1522 est³.
986 1493 1038 1523 ae
1067 1488 1167 1524 sunt
1203 1481 1421 1534 historiae,
1466 1496 1545 1539 per

0 1535 13 1590 ξ
51 1545 160 1589 quas
197 1532 394 1575 aestimat
429 1540 536 1575 nos*
573 1533 721 1576 induci
757 1549 900 1591 posse,
938 1542 986 1578 ut
1015 1536 1252 1590 credamus,
1281 1537 1548 1580 Heni-ichum

0 1603 10 1636 ε
49 1588 144 1631 iure
180 1601 209 1630 a
237 1587 449 1645 Gregorio
489 1589 739 1632 damnatum
776 1606 869 1634 esse
906 1598 951 1634 et
986 1591 1144 1635 exhinc
1182 1593 1274 1636 indi
1335 1609 1409 1636 um
1449 1609 1547 1637 eum

0 1636 19 1696 ξ,
50 1658 144 1687 esse
183 1645 303 1702 regio
342 1646 514 1687 nomine
552 1652 594 1688 et
629 1648 751 1703 regia
788 1653 1014 1704 potestate,
1050 1663 1150 1691 cum
1177 1664 1264 1692 non
1309 1665 1547 1706 egeremuS,

0 1697 11 1746 ἓ
50 1714 295 1758 quenquam
324 1699 378 1743 de
407 1702 566 1744 sanctis
594 1701 790 1759 patribus
819 1703 904 1746 sibi
932 1704 1095 1762 aliquid
1125 1705 1179 1748 de
1209 1707 1331 1763 regni
1361 1707 1546 1764 negotiis

0 1752 7 1764 ⁵
50 1770 272 1814 usurpare.
328 1757 434 1800 Non
463 1764 525 1801 est
552 1759 706 1816 igitur,
742 1760 787 1801 in
820 1760 895 1814 uit,
932 1776 1092 1803 novum
1130 1761 1195 1805 vel
1224 1762 1548 1806 ecclesiasticae

11 1823 13 1825 ’
49 1810 139 1871 1095
178 1812 432 1866 indebitum,
480 1829 606 1872 reyes
654 1822 805 1871 aposto
825 1818 892 1860 ico
937 1817 1122 1871 obedire,
1165 1833 1255 1862 non
1304 1819 1546 1863 obedientes

2 1883 14 1918 χ
48 1868 323 1912 anathemati
359 1870 597 1913 subiacere.
655 1870 783 1914 Certe
822 1871 1029 1916 obediens
1065 1880 1159 1917 erat
1194 1890 1272 1917 rex
1300 1874 1547 1917 Hem-iebus

0 1921 17 1954 „2-
47 1924 312 1982 apostolicae
348 1926 606 1981 auctoritati,
643 1927 815 1984 quando
854 1930 1114 1985 promiserat
1157 1930 1214 1972 ad
1253 1931 1398 1973 omnia
1434 1945 1546 1987 quae

17 1997 21 2009 ί
48 1980 164 2024 iusta
193 1987 336 2024 essent
371 1996 626 2026 consensum
664 1983 871 2040 praebere
899 1984 1094 2027 Romano
1159 1985 1334 2039 ontifici,
1373 1987 1546 2044 quando

49 2037 179 2080 etiam
215 2036 414 2093 deposito
452 2037 570 2081 cultu
606 2039 728 2095 regio
765 2047 808 2082 et
845 2039 994 2082 habitu
1024 2055 1135 2097 supp
1153 2041 1264 2084 icem
1292 2057 1371 2099 per
1400 2043 1547 2085 omnia

18 2110 22 2141 1
48 2106 102 2136 ac
130 2093 422 2150 poenitentem
449 2095 653 2160 proiectis
683 2094 821 2151 culpis
850 2110 944 2139 sese
965 2095 1262 2140 Hildebrando
1292 2097 1445 2155 optulit
1463 2113 1544 2141 nec

0 2203 3 2207 Ι
46 2149 171 2206 prius
199 2150 318 2191 omni
346 2149 489 2192 offimo
519 2149 770 2193 humilitatis
800 2152 994 2208 impenso
1024 2152 1199 2207 destitit,
1228 2153 1366 2196 donec
1385 2154 1430 2196 in
1449 2169 1544 2220 gra-

2 2242 3 2247 ,
48 2205 155 2248 tiam
194 2218 294 2248 cum
332 2219 447 2263 papa
484 2205 611 2249 rediit
648 2214 692 2249 et
724 2206 780 2249 ad
819 2207 1186 2265 comprobandum
1229 2209 1543 2253 ecclesiasticae

0 2209 409 2356 {reconciliationis
445 2262 736 2306 testimonium
776 2278 944 2306 sacram
973 2265 1321 2308 communionem
1350 2267 1545 2323 corporis

4 2319 8 2332 ³
36 2323 94 2362 'et
130 2317 353 2374 sanguinis
390 2317 566 2361 Domini
603 2318 656 2362 de
695 2332 826 2362 manu
863 2320 955 2363 eius
994 2322 1177 2378 accepit,
1215 2336 1406 2364 mensam
1444 2337 1543 2365 cum

10 2363 147 2440 {ipso
174 2389 292 2432 papa
318 2374 425 2418 adiit
452 2388 504 2417 ac
533 2374 689 2418 deinde
719 2375 922 2418 dimissus
952 2384 1017 2420 est
1046 2378 1090 2419 in
1109 2391 1231 2434 pace,
1262 2377 1432 2435 qualem
1464 2380 1543 2421 sci·

9 2425 150 2490 {hcet
184 2444 335 2487 pacem
373 2430 506 2474 Iudas
545 2431 772 2484 simulavit,
809 2446 895 2475 non
931 2431 1102 2489 qualem
1131 2432 1328 2476 Christus
1357 2434 1541 2492 reliquit.

10 2488 30 2542 ’ἐξ
49 2482 160 2529 Nam
188 2492 292 2529 tunc
322 2486 470 2530 aderat
498 2492 541 2530 et
567 2486 729 2544 legatio
752 2488 988 2542 Saxonum,
1019 2488 1206 2532 hostium
1235 2489 1400 2533 scilicet
1427 2491 1543 2548 regis

16 2542 95 2595 'ret
112 2541 404 2600 Gregorianae
423 2543 559 2600 partis
579 2543 807 2597 fautorum,
837 2550 879 2587 et
907 2546 1127 2602 rescripsit
1155 2547 1217 2588 eis
1237 2546 1543 2603 quaerentibus

18 2583 359 2656 {interrumpere
389 2598 588 2642 omnibus
618 2600 757 2643 modis
787 2601 941 2643 initum
961 2601 1321 2645 reconciliationis
1349 2611 1543 2659 pactum:

15 2652 120 2743 {Ne
141 2654 328 2709 solliciti,
358 2656 510 2714 inquit,
541 2657 652 2710 sitis,
682 2658 891 2714 quoniam
921 2657 1252 2723 culpabiliorem
1283 2673 1378 2701 eum
1406 2660 1543 2702 reddo

19 2709 183 2769 ἓοοόἰε.
241 2711 418 2768 Regalia
454 2711 667 2769 siquidem
708 2719 957 2756 ornamenta
993 2713 1273 2758 interdixerat
1309 2715 1413 2772 regi,
1449 2716 1541 2769 utb,

23 2771 84 2853 ἶ1)
102 2818 146 2846 fla
163 2820 287 2854 seipsi,-
308 2821 507 2847 aestimamus
530 2822 557 2847 1.
638 2819 669 2854 b)
691 2821 734 2846 im
753 2820 878 2854 scriptu
898 2823 930 2847 et
953 2822 978 2848 ι.
1001 2822 1053 2855 (ql.
1075 2822 1122 2849 leb.
1146 2822 1170 2854 1,
1190 2829 1214 2849 e.
1235 2822 1275 2856 0).

52 2893 91 2936 1)
114 2894 289 2931 mah-edi
313 2897 399 2930 Vita
425 2895 545 2929 Caroli
571 2905 604 2930 e.
632 2896 666 2930 6.
765 2896 804 2938 2)
838 2897 894 2931 ef.
921 2897 1049 2940 Regin.
1076 2908 1109 2933 a.
1135 2896 1220 2941 869,
1246 2897 1312 2934 88.
1338 2898 1369 2941 1,
1394 2910 1430 2944 p.
1457 2899 1541 2933 581.

36 2940 94 2987 ³8)
119 2942 175 2979 cf.
201 2945 351 2990 Gregor.
376 2944 508 2979 Turon.
535 2943 560 2979 1.
585 2944 648 2986 1v,
677 2955 709 2978 c.
737 2943 796 2981 26.

1180 3002 1232 3034 5·

1564 978 1603 1005 cf.
1617 978 1644 1005 l.
1656 977 1726 1006 Cor.

1586 1018 1633 1052 11,
1646 1017 1695 1046 29.
