1878 3308
0 0 88 100 [ζῷ’
118 0 137 6 ”
636 25 685 37 „⁴

0 119 6 138 'e

301 302 370 336 ΒΕ
395 301 609 336 ΰΝῙΤΑΤΕ
636 302 911 338 ECCLESIAE
938 303 1302 339 CONSERVANDA.
1507 307 1552 340 81

56 413 176 468 fecit,
210 411 289 456 ubi
324 427 423 457 eum
459 413 573 457 fame
609 413 899 458 tribulationis
935 421 978 458 et
1014 429 1130 472 aqua
1167 416 1404 472 angustiae,
1444 416 1557 459 sicut

55 468 250 527 legion-¹,
264 483 403 528 nsque
420 469 477 512 ad
497 478 679 514 mortem
699 472 966 515 sustentavit.
995 471 1118 514 Haec
1137 473 1354 528 quamvis·
1372 471 1554 528 Vigilius

56 525 221 580 feeerit,
256 540 384 570 nemo
422 532 567 569 tamen
601 527 646 569 in
680 526 792 570 hanc
819 528 1180 584 praesumptionis
1209 527 1427 570 audatiam
1456 543 1553 585 pro-

141 582 188 636 it,
213 587 263 625 ut
289 581 431 640 ipsum
461 583 679 626 Romanae
708 583 914 626 ecclesiae
942 583 1191 640 pontificem
1220 583 1290 626 vel
1318 584 1554 627 hereticum

55 595 140 682 Ἠ
163 637 303 682 furem
341 638 630 696 descripserit.
689 639 759 682 De
788 654 876 697 quo
915 646 1032 683 certe
1067 639 1241 696 vigilio,
1270 647 1422 696 postea
1458 654 1553 697 per·

159 708 185 737 o
213 693 349 738 multa
407 694 567 738 ericula
593 709 672 752 pro
691 695 886 751 ecclesia,
915 709 1044 753 quam
1067 696 1082 738 i
1115 711 1161 739 se
1190 710 1349 753 magna
1376 696 1555 752 regebat

228 750 240 761 ⁰
298 750 376 793 dei
409 765 449 801 o,
478 751 666 809 inquam,
694 753 845 795 scribit
868 752 1027 794 Arator
1045 766 1096 794 su
1128 752 1336 795 diaconus
1358 754 1402 795 in
1422 767 1552 809 opere

55 813 181 861 καθ’,
210 806 327 865 quod
354 806 411 850 de
429 807 598 849 actibus
617 807 909 864 apostolorum
930 809 1173 865 composuit
1202 809 1375 851 heroico
1396 814 1552 852 metro:

352 865 506 901 halica
530 867 685 910 libertas,
720 867 828 913 Ve‘qiii
852 868 1073 902 sanctissime
1093 880 1208 912 papa,

446 914 605 951 Advenis
628 915 764 951 incluso
790 919 925 951 solvere
949 917 1069 952 vincla
1091 917 1202 962 qreqi.

349 963 407 999 De
428 965 563 1009 gladiio
586 966 781 1010 rapiuntur
804 977 886 1000 oves
905 972 1051 1010 pastore
1074 967 1235 1000 ministro

447 1013 563 1058 Inque
587 1013 741 1049 humeri·
755 1015 926 1059 ferimur,
951 1021 984 1049 te
1009 1021 1207 1056 revocante,
1226 1015 1313 1059 piis.

347 1061 428 1096 Hoc
450 1062 524 1105 tibi,
549 1074 675 1108 maqne
692 1068 811 1107 pater,
841 1076 920 1098 cum
944 1064 1065 1109 defero
1090 1075 1221 1098 munus
1247 1063 1391 1106 amorio,

447 1111 604 1155 Respice,
630 1113 727 1156 quod
751 1113 885 1147 meritis
910 1113 1030 1147 dehita
1053 1113 1150 1148 solvo
1174 1113 1255 1147 tuin.

165 1155 235 1198 22.
292 1154 432 1212 Igitur
469 1156 668 1200 Clemens
707 1173 764 1215 pa
797 1173 824 1200 a
859 1158 1036 1215 cupiens
1128 1172 1251 1214 egem
1290 1157 1469 1199 Domini
1508 1163 1552 1200 et
1565 1167 1696 1205 (xxm)

51 1223 156 1254 oves
190 1209 354 1254 christi
391 1227 449 1255 ex
484 1213 638 1270 rapina
674 1227 728 1256 ac
763 1172 1040 1257 devoratione
1108 1215 1311 1256 estiarum
1349 1213 1442 1270 agri
1472 1214 1551 1255 eri-

0 1292 2 1295 ·
48 1280 167 1325 pere,
195 1274 239 1311 et
266 1266 385 1325 quod
413 1269 600 1326 perierat
628 1284 846 1326 quaerere,
876 1269 992 1327 quod
1021 1270 1238 1312 infirmum
1269 1268 1538 1312 consolidare

49 1329 95 1367 et
114 1322 232 1382 quod
249 1330 473 1381 aegrotum
494 1331 584 1368 erat
608 1340 772 1380 sanare,
805 1326 920 1383 quod
943 1325 1126 1368 fractum
1156 1325 1344 1382 alligare,
1373 1331 1416 1368 et
1435 1301 1551 1382 quod

48 1377 298 1423 abiectum*
335 1388 427 1424 erat
467 1381 693 1436 reducere,
732 1382 953 1425 constituit
999 1381 1239 1440 apostolica
1285 1382 1550 1436 auctoritate,

48 1449 100 1478 su
132 1435 343 1479 radicum
370 1436 584 1494 synodum
612 1437 706 1480 fieri
735 1438 780 1479 in
808 1452 943 1494 regno
962 1437 1231 1480 Theutonico
1260 1437 1375 1494 apud
1395 1444 1551 1479 metro·

49 1449 169 1548 poYin
198 1491 415 1535 civitatem
444 1492 706 1549 Moguntiae,
745 1500 794 1536 ut
821 1501 1023 1550 ageretur
1051 1493 1114 1536 ibi
1143 1494 1196 1536 de
1225 1493 1309 1536 fide
1340 1492 1551 1536 catholica

49 1553 95 1591 et
135 1561 243 1605 paee
285 1547 563 1592 ecclesiarum
606 1555 736 1607 atque
781 1550 1028 1605 concordia3
1072 1549 1170 1593 ideo
1202 1565 1256 1592 ue
1300 1549 1450 1592 aderat
1487 1548 1549 1591 ibi

49 1603 242 1646 omnium
271 1618 506 1647 consensus
537 1605 685 1662 episco
719 1620 841 1648 orum
880 1605 934 1649 de
965 1607 1082 1648 omni
1111 1613 1181 1649 cat
1211 1605 1322 1648 olica
1351 1604 1548 1659 ecclesia,

14 1684 19 1687 -
47 1657 95 1702 in
133 1673 317 1726 quorum
355 1659 529 1704 alternis
569 1661 690 1704 cordi
723 1677 774 1704 us
804 1663 913 1704 vivit
941 1661 1146 1728 spiritalis
1175 1675 1297 1704 arnor
1325 1669 1367 1704 et
1394 1661 1548 1717 gratia,

47 1721 110 1770 ut,
129 1721 243 1759 sicut
261 1717 469 1760 unitatem
489 1723 634 1760 tenere
658 1718 838 1760 firmiter
866 1725 909 1761 et
927 1718 1150 1761 vlndicare
1180 1717 1339 1760 debent
1358 1718 1548 1760 maxime

46 1771 242 1830 episcopi
278 1772 355 1830 qui
389 1774 432 1815 in
462 1773 644 1816 ecclesia
671 1774 930 1831 praesident,
959 1776 1022 1817 ita
1051 1775 1345 1831 episcopatum
1377 1787 1549 1830 quoque

46 1841 182 1870 unum
223 1834 355 1886 atque
395 1829 629 1872 indivisum
674 1829 871 1886 probent.
934 1831 1100 1874 Aderat
1143 1831 1269 1873 etiam
1315 1830 1549 1885 imperator

45 1882 305 1938 Hem-iebus,
333 1886 567 1943 praecipue
595 1894 747 1930 auctor
776 1886 904 1929 huius
931 1886 1100 1943 synodi,
1140 1887 1242 1944 quia
1274 1884 1379 1927 nihil
1407 1891 1547 1928 tutum

13 1986 18 1990 ,
45 1953 77 1982 n
132 1954 187 1984 ue
225 1940 397 1984 firmum
435 1943 594 1998 poterit
622 1956 718 1984 esse
755 1943 800 1984 in
836 1942 901 1984 his
936 1957 1048 2000 quae
1078 1949 1178 1984 sunt
1207 1940 1432 1994 eiusmodi,
1462 1941 1546 1982 nisi

45 1994 78 2039 d
120 1995 251 2039 endat
277 2003 321 2040 et
337 1997 494 2054 probet
512 2011 563 2040 ea
581 1997 739 2054 regalis
758 1999 988 2041 auctoritas
1017 2012 1097 2055 pro
1117 1998 1341 2040 maiestate
1360 1997 1545 2052 imperii.

47 2050 136 2095 Sed
155 2051 365 2095 adversae
389 2053 525 2109 partis
555 2054 761 2111 episcopi,
791 2054 1014 2110 cupientes
1043 2054 1154 2096 hanc
1182 2053 1388 2096 indictam
1420 2066 1440 2093 s
1473 2067 1546 2094 no-

31 2106 152 2166 ¹(lum
181 2122 501 2166 praeoccupare
530 2116 606 2151 aut
664 2117 916 2164 raevertere,
946 2116 1236 2152 convenerunt
1255 2108 1366 2150 infra
1386 2107 1439 2150 he
1472 2107 1546 2150 do·
1559 2111 1668 2178 Am}

10 2199 15 2202 .
45 2164 218 2207 madum
248 2179 407 2222 pascae
436 2166 482 2207 in
511 2172 626 2208 caste
644 2165 684 2208 lo
720 2165 905 2223 quodam
938 2165 1155 2208 Saxoniae
1185 2163 1547 2220 Quidilingeburg
1588 2152 1637 2185 ”¹¹
1672 2152 1724 2181 ²⁰·

19 2221 233 2275 nomine,
269 2221 345 2264 ubi
383 2219 504 2264 locus
542 2227 608 2264 est
642 2222 988 2278 congregationis
1024 2222 1278 2265 feminarum
1319 2220 1415 2263 Deo
1461 2235 1545 2263 ser-

11 2276 253 2328 {vientium
284 2277 365 2320 sub
396 2277 606 2320 canonica
634 2278 913 2321 institutione.
952 2278 1011 2321 Et
1035 2287 1083 2321 ut
1106 2276 1367 2334 conspiratio
1397 2290 1545 2319 eorum

15 2329 144 2390 ,f--plus
171 2332 334 2377 valeret
361 2340 403 2377 et
431 2333 650 2391 deciperet
679 2333 904 2377 columbae
934 2334 1265 2391 simplicitatem,
1303 2346 1430 2390 quam
1461 2346 1546 2375 ser·

14 2396 41 2426 ἰν
132 2389 186 2432 tis
204 2390 364 2434 astutia
382 2404 469 2433 non
487 2396 751 2443 temerasset,
772 2390 1044 2433 adduxerant
1063 2389 1277 2447 quendam
1299 2387 1380 2430 sub
1402 2388 1545 2445 specie

25 2401 175 2503 *Qui
194 2445 309 2489 sedis
328 2445 603 2503 apostolicae,
625 2447 700 2504 qui
719 2447 860 2490 dictus
880 2454 946 2489 est
965 2446 1069 2490 Otto
1089 2447 1317 2503 episcopus
1333 2444 1544 2488 Ostiensis

18 2481 272 2555 ioeclesiae,
300 2517 400 2545 cum
420 2503 506 2545 iam
527 2501 731 2546 Clemens
751 2517 868 2560 papa
886 2502 1152 2559 praesideret
1170 2502 1389 2545 Romanae
1409 2499 1544 2543 eccle-

45 2556 150 2601 siae.
193 2558 404 2602 Intererat
431 2559 560 2602 etiam
590 2558 691 2602 huic
720 2559 949 2602 conventui
977 2574 1054 2602 rex
1077 2558 1297 2602 Saxonum
1319 2556 1544 2599 Heriman-

45 2626 142 2667 nus,
162 2615 232 2656 cui
252 2629 307 2657 ne
325 2614 442 2671 apud
463 2629 563 2657 suos
585 2615 759 2672 quidem
781 2615 1049 2659 tribuebatur
1068 2613 1204 2658 honor
1224 2613 1381 2669 regius,
1411 2628 1438 2655 a
1458 2627 1544 2669 quo

23 2673 150 2713 ..2an
177 2677 219 2713 et
247 2669 361 2713 illius
390 2671 546 2727 synodi
575 2672 720 2729 coepit
747 2678 966 2714 tractatus.
1013 2671 1127 2715 Nam
1156 2675 1416 2713 memoratus
1441 2668 1544 2711 Otto

27 2725 298 2783 ,bapisoopusz
328 2727 536 2770 ‘Audiens
565 2727 670 2783 ego',
699 2729 853 2785 inquit,
885 2727 1017 2785 ‘quod
1037 2742 1116 2770 rex
1137 2732 1278 2770 vester
1305 2724 1544 2782 legitimum

45 2829 81 2868 ο)
100 2835 231 2866 σιωπὴ
254 2837 282 2862 ι.
361 2835 393 2870 b)
415 2835 564 2862 meeum
588 2836 622 2867 ¹3
643 2835 749 2862 mena.
772 2835 893 2861 saara.

38 2904 195 2952 '1)1.ib.
220 2914 319 2954 pont.
354 2911 378 2945 l.
406 2922 438 2945 c.
472 2922 507 2955 p.
537 2911 618 2944 180.
734 2910 773 2953 2)
798 2910 927 2944 Arator
962 2910 1007 2944 ds
1042 2910 1183 2943 actibus
1211 2907 1450 2952 apostolorum
1486 2906 1543 2939 ed.

45 2954 214 3001 Amnon,
240 2960 416 3004 Zutphsn.
437 2959 541 2993 1⁷69.
561 2971 595 3003 p.
615 2959 768 2992 19-21.
794 2960 896 3003 epist.
916 2958 962 2992 acl
980 2959 1151 3003 Vigiiium
1170 2958 1322 2991 *na—6.
1339 2961 1374 2990 et
1388 2955 1544 2988 27—28.

1215 3013 1236 3044 6
