<?xml version="1.0" encoding="UTF-8"?>
<!DOCTYPE html PUBLIC "-//W3C//DTD XHTML 1.0 Transitional//EN"
    "http://www.w3.org/TR/xhtml1/DTD/xhtml1-transitional.dtd">
<html xmlns="http://www.w3.org/1999/xhtml" xml:lang="en" lang="en">
 <head>
  <title>
</title>
<meta http-equiv="Content-Type" content="text/html;charset=utf-8" />
  <meta name='ocr-system' content='tesseract 3.04.00' />
  <meta name='ocr-capabilities' content='ocr_page ocr_carea ocr_par ocr_line ocrx_word'/>
</head>
<body>
  <div class='ocr_page' id='page_1' title='image "./waltramiutvidetu00walruoft_0168.png"; bbox 0 0 1878 3308; ppageno 0'>
   <div class='ocr_carea' id='block_1_1' title="bbox 127 647 288 795">
    <p class='ocr_par' dir='ltr' id='par_1_1' title="bbox 127 647 287 721">
     <span class='ocr_line' id='line_1_1' title="bbox 127 647 287 674; baseline -0.006 0"><span class='ocrx_word' id='word_1_1' title='bbox 127 647 166 674; x_wconf 76' lang='lat' dir='ltr'><em>cf.</em></span> <span class='ocrx_word' id='word_1_2' title='bbox 179 647 287 674; x_wconf 69' lang='lat' dir='ltr'><em>Matth.</em></span> 
     </span>
     <span class='ocr_line' id='line_1_2' title="bbox 157 687 263 721; baseline -0.019 -8"><span class='ocrx_word' id='word_1_3' title='bbox 157 688 204 721; x_wconf 85' lang='grc'><strong>13,</strong></span> <span class='ocrx_word' id='word_1_4' title='bbox 216 687 263 714; x_wconf 87' lang='grc'><em>52.</em></span> 
     </span>
    </p>

    <p class='ocr_par' dir='ltr' id='par_1_2' title="bbox 166 727 288 760">
     <span class='ocr_line' id='line_1_3' title="bbox 166 727 288 760; baseline -0.008 -6"><span class='ocrx_word' id='word_1_5' title='bbox 166 727 227 754; x_wconf 84' lang='lat' dir='ltr'><em>Ier.</em></span> <span class='ocrx_word' id='word_1_6' title='bbox 241 728 288 760; x_wconf 85' lang='lat'><em>10,</em></span> 
     </span>
    </p>

    <p class='ocr_par' dir='ltr' id='par_1_3' title="bbox 183 766 288 795">
     <span class='ocr_line' id='line_1_4' title="bbox 183 766 288 795; baseline 0.019 -2"><span class='ocrx_word' id='word_1_7' title='bbox 183 767 228 794; x_wconf 81' lang='lat'><em>14.</em></span> <span class='ocrx_word' id='word_1_8' title='bbox 242 766 288 795; x_wconf 81' lang='grc'><em>15.</em></span> 
     </span>
    </p>
   </div>
   <div class='ocr_carea' id='block_1_2' title="bbox 101 1238 289 1273">
    <p class='ocr_par' dir='ltr' id='par_1_4' title="bbox 101 1238 289 1273">
     <span class='ocr_line' id='line_1_5' title="bbox 101 1238 289 1273; baseline -0.005 -8"><span class='ocrx_word' id='word_1_9' title='bbox 101 1239 189 1265; x_wconf 81' lang='lat' dir='ltr'><em>Rom.</em></span> <span class='ocrx_word' id='word_1_10' title='bbox 201 1238 248 1273; x_wconf 89' lang='lat'><em>10,</em></span> <span class='ocrx_word' id='word_1_11' title='bbox 262 1239 289 1264; x_wconf 91' lang='grc'><em>2.</em></span> 
     </span>
    </p>
   </div>
   <div class='ocr_carea' id='block_1_3' title="bbox 301 292 1546 331">
    <p class='ocr_par' dir='ltr' id='par_1_5' title="bbox 301 292 1546 331">
     <span class='ocr_line' id='line_1_6' title="bbox 301 292 1546 331; baseline -0.003 -2"><span class='ocrx_word' id='word_1_12' title='bbox 301 297 369 331; x_wconf 84' lang='grc'><em>142</em></span> <span class='ocrx_word' id='word_1_13' title='bbox 544 297 610 330; x_wconf 89' lang='lat' dir='ltr'><em>DE</em></span> <span class='ocrx_word' id='word_1_14' title='bbox 637 295 849 330; x_wconf 83' lang='lat' dir='ltr'>UNITATE</span> <span class='ocrx_word' id='word_1_15' title='bbox 879 293 1151 327; x_wconf 80' lang='lat' dir='ltr'>ECCLESIAE</span> <span class='ocrx_word' id='word_1_16' title='bbox 1179 292 1546 327; x_wconf 78' lang='lat' dir='ltr'>CONSERVANDA.</span> 
     </span>
    </p>
   </div>
   <div class='ocr_carea' id='block_1_4' title="bbox 299 406 1853 2046">
    <p class='ocr_par' dir='ltr' id='par_1_6' title="bbox 299 406 1853 2046">
     <span class='ocr_line' id='line_1_7' title="bbox 300 406 1794 447; baseline -0.005 0"><span class='ocrx_word' id='word_1_17' title='bbox 300 413 444 447; x_wconf 87' lang='lat' dir='ltr'><em>divinus</em></span> <span class='ocrx_word' id='word_1_18' title='bbox 480 418 511 447; x_wconf 87' lang='lat' dir='ltr'><em>et</em></span> <span class='ocrx_word' id='word_1_19' title='bbox 538 412 731 446; x_wconf 75' lang='lat' dir='ltr'><strong><em>auctoritas</em></strong></span> <span class='ocrx_word' id='word_1_20' title='bbox 765 410 896 446; x_wconf 87' lang='lat' dir='ltr'><em>Veteris</em></span> <span class='ocrx_word' id='word_1_21' title='bbox 928 421 970 443; x_wconf 87' lang='lat' dir='ltr'><em>ac</em></span> <span class='ocrx_word' id='word_1_22' title='bbox 997 408 1093 443; x_wconf 86' lang='lat' dir='ltr'><em>Novi</em></span> <span class='ocrx_word' id='word_1_23' title='bbox 1124 408 1334 443; x_wconf 69' lang='lat' dir='ltr'><em>Testamenti</em></span> <span class='ocrx_word' id='word_1_24' title='bbox 1365 406 1561 442; x_wconf 82' lang='lat' dir='ltr'><em>rectissima</em></span> <span class='ocrx_word' id='word_1_25' title='bbox 1592 406 1638 441; x_wconf 88' lang='lat' dir='ltr'><em>sit</em></span> <span class='ocrx_word' id='word_1_26' title='bbox 1668 418 1794 442; x_wconf 83' lang='lat' dir='ltr'><em>norma</em></span> 
     </span>
     <span class='ocr_line' id='line_1_8' title="bbox 299 455 1795 510; baseline -0.005 -8"><span class='ocrx_word' id='word_1_27' title='bbox 299 469 394 503; x_wconf 81' lang='lat' dir='ltr'><em>vitae</em></span> <span class='ocrx_word' id='word_1_28' title='bbox 412 469 608 509; x_wconf 76' lang='lat' dir='ltr'><em>bumanae5</em></span> <span class='ocrx_word' id='word_1_29' title='bbox 627 468 788 510; x_wconf 88' lang='lat' dir='ltr'><em>ideoque,</em></span> <span class='ocrx_word' id='word_1_30' title='bbox 806 455 900 509; x_wconf 84' lang='lat' dir='ltr'><em>ait1,</em></span> <span class='ocrx_word' id='word_1_31' title='bbox 920 464 1013 498; x_wconf 79' lang='lat' dir='ltr'><em>nihil</em></span> <span class='ocrx_word' id='word_1_32' title='bbox 1028 464 1127 498; x_wconf 85' lang='lat' dir='ltr'><em>debet</em></span> <span class='ocrx_word' id='word_1_33' title='bbox 1144 463 1255 497; x_wconf 84' lang='lat' dir='ltr'><em>abbas</em></span> <span class='ocrx_word' id='word_1_34' title='bbox 1274 467 1374 498; x_wconf 75' lang='lat' dir='ltr'><em>extra</em></span> <span class='ocrx_word' id='word_1_35' title='bbox 1387 466 1619 507; x_wconf 85' lang='lat' dir='ltr'><em>praeceptum</em></span> <span class='ocrx_word' id='word_1_36' title='bbox 1636 461 1795 504; x_wconf 82' lang='lat' dir='ltr'><em>Domini,</em></span> 
     </span>
     <span class='ocr_line' id='line_1_9' title="bbox 300 511 1796 562; baseline -0.005 -10"><span class='ocrx_word' id='word_1_37' title='bbox 300 518 396 562; x_wconf 84' lang='lat' dir='ltr'><em>quod</em></span> <span class='ocrx_word' id='word_1_38' title='bbox 422 517 511 551; x_wconf 88' lang='lat' dir='ltr'><em>absit</em></span> <span class='ocrx_word' id='word_1_39' title='bbox 523 520 552 558; x_wconf 78' lang='lat'><em>⁸¹,</em></span> <span class='ocrx_word' id='word_1_40' title='bbox 579 522 642 550; x_wconf 84' lang='lat' dir='ltr'><em>aut</em></span> <span class='ocrx_word' id='word_1_41' title='bbox 674 517 797 551; x_wconf 81' lang='lat' dir='ltr'><em>docere</em></span> <span class='ocrx_word' id='word_1_42' title='bbox 830 521 893 548; x_wconf 86' lang='lat' dir='ltr'><em>aut</em></span> <span class='ocrx_word' id='word_1_43' title='bbox 928 513 1136 547; x_wconf 85' lang='lat' dir='ltr'><em>constituere</em></span> <span class='ocrx_word' id='word_1_44' title='bbox 1170 513 1227 547; x_wconf 83' lang='lat' dir='ltr'><em>vel</em></span> <span class='ocrx_word' id='word_1_45' title='bbox 1257 511 1388 553; x_wconf 87' lang='lat' dir='ltr'><em>iubere,</em></span> <span class='ocrx_word' id='word_1_46' title='bbox 1415 512 1477 546; x_wconf 87' lang='lat' dir='ltr'><em>sed</em></span> <span class='ocrx_word' id='word_1_47' title='bbox 1501 511 1611 546; x_wconf 84' lang='lat' dir='ltr'><em>iussio</em></span> <span class='ocrx_word' id='word_1_48' title='bbox 1637 511 1713 545; x_wconf 82' lang='lat' dir='ltr'><em>eius</em></span> <span class='ocrx_word' id='word_1_49' title='bbox 1738 511 1796 545; x_wconf 83' lang='lat' dir='ltr'><em>vel</em></span> 
     </span>
     <span class='ocr_line' id='line_1_10' title="bbox 302 559 1794 609; baseline -0.005 -9"><span class='ocrx_word' id='word_1_50' title='bbox 302 567 465 601; x_wconf 83' lang='lat' dir='ltr'><em>doctrina</em></span> <span class='ocrx_word' id='word_1_51' title='bbox 486 566 706 609; x_wconf 83' lang='lat' dir='ltr'><em>fermentum</em></span> <span class='ocrx_word' id='word_1_52' title='bbox 737 563 882 599; x_wconf 84' lang='lat' dir='ltr'><em>divinae</em></span> <span class='ocrx_word' id='word_1_53' title='bbox 913 562 1070 597; x_wconf 79' lang='lat' dir='ltr'><em>iustitiae</em></span> <span class='ocrx_word' id='word_1_54' title='bbox 1094 561 1134 595; x_wconf 89' lang='lat' dir='ltr'><em>in</em></span> <span class='ocrx_word' id='word_1_55' title='bbox 1158 561 1414 605; x_wconf 83' lang='lat' dir='ltr'><em>discipulorum</em></span> <span class='ocrx_word' id='word_1_56' title='bbox 1438 559 1610 594; x_wconf 81' lang='lat' dir='ltr'><em>mentibus</em></span> <span class='ocrx_word' id='word_1_57' title='bbox 1631 571 1794 604; x_wconf 82' lang='lat' dir='ltr'><em>consper-</em></span> 
     </span>
     <span class='ocr_line' id='line_1_11' title="bbox 300 609 1807 667; baseline -0.005 -12"><span class='ocrx_word' id='word_1_58' title='bbox 300 626 419 667; x_wconf 78' lang='lat' dir='ltr'><em>qatur.</em></span> <span class='ocrx_word' id='word_1_59' title='bbox 468 620 607 664; x_wconf 75' lang='lat' dir='ltr'><em>Oportet</em></span> <span class='ocrx_word' id='word_1_60' title='bbox 627 627 756 664; x_wconf 87' lang='lat' dir='ltr'><em>autem,</em></span> <span class='ocrx_word' id='word_1_61' title='bbox 783 609 923 666; x_wconf 72' lang='lat' dir='ltr'><em>inquit</em></span> <span class='ocrx_word' id='word_1_62' title='bbox 934 616 962 662; x_wconf 86' lang='lat'><em>²,</em></span> <span class='ocrx_word' id='word_1_63' title='bbox 991 617 1149 651; x_wconf 82' lang='lat' dir='ltr'><em>abbatem</em></span> <span class='ocrx_word' id='word_1_64' title='bbox 1171 627 1244 651; x_wconf 84' lang='lat' dir='ltr'><em>esse</em></span> <span class='ocrx_word' id='word_1_65' title='bbox 1265 617 1405 650; x_wconf 88' lang='lat' dir='ltr'><em>doctum</em></span> <span class='ocrx_word' id='word_1_66' title='bbox 1425 616 1498 660; x_wconf 74' lang='lat' dir='ltr'><em>leye</em></span> <span class='ocrx_word' id='word_1_67' title='bbox 1522 614 1659 658; x_wconf 81' lang='lat' dir='ltr'><em>divina,</em></span> <span class='ocrx_word' id='word_1_68' title='bbox 1686 620 1724 649; x_wconf 87' lang='lat' dir='ltr'><em>ut</em></span> <span class='ocrx_word' id='word_1_69' title='bbox 1749 613 1807 647; x_wconf 64' lang='lat' dir='ltr'><em>sit&gt;</em></span> 
     </span>
     <span class='ocr_line' id='line_1_12' title="bbox 302 660 1797 720; baseline -0.007 -9"><span class='ocrx_word' id='word_1_70' title='bbox 302 677 398 711; x_wconf 89' lang='lat' dir='ltr'><em>unde</em></span> <span class='ocrx_word' id='word_1_71' title='bbox 426 677 592 720; x_wconf 75' lang='lat' dir='ltr'><em>proferat</em></span> <span class='ocrx_word' id='word_1_72' title='bbox 625 687 720 709; x_wconf 76' lang='lat' dir='ltr'><em>nova</em></span> <span class='ocrx_word' id='word_1_73' title='bbox 754 683 787 710; x_wconf 82' lang='lat' dir='ltr'><em>et</em></span> <span class='ocrx_word' id='word_1_74' title='bbox 817 679 948 710; x_wconf 86' lang='lat' dir='ltr'><em>vetera.</em></span> <span class='ocrx_word' id='word_1_75' title='bbox 1009 662 1131 705; x_wconf 81' lang='lat' dir='ltr'><strong>Sicut</strong></span> <span class='ocrx_word' id='word_1_76' title='bbox 1167 661 1281 703; x_wconf 81' lang='lat' dir='ltr'><em>enim</em></span> <span class='ocrx_word' id='word_1_77' title='bbox 1321 661 1427 704; x_wconf 82' lang='lat' dir='ltr'><em>dicit</em></span> <span class='ocrx_word' id='word_1_78' title='bbox 1463 660 1678 703; x_wconf 80' lang='lat' dir='ltr'>Dominus</span> <span class='ocrx_word' id='word_1_79' title='bbox 1717 674 1797 718; x_wconf 84' lang='lat' dir='ltr'><em>per</em></span> 
     </span>
     <span class='ocr_line' id='line_1_13' title="bbox 301 716 1798 778; baseline -0.004 -14"><span class='ocrx_word' id='word_1_80' title='bbox 301 722 567 765; x_wconf 85' lang='lat' dir='ltr'><strong>Hieremiam</strong></span> <span class='ocrx_word' id='word_1_81' title='bbox 603 719 879 778; x_wconf 85' lang='lat' dir='ltr'><em>prophetam:</em></span> <span class='ocrx_word' id='word_1_82' title='bbox 922 718 1092 763; x_wconf 80' lang='lat' dir='ltr'><em>Stultus</em></span> <span class='ocrx_word' id='word_1_83' title='bbox 1123 725 1183 760; x_wconf 89' lang='lat' dir='ltr'><em>est</em></span> <span class='ocrx_word' id='word_1_84' title='bbox 1221 720 1359 761; x_wconf 86' lang='lat' dir='ltr'><em>omnis</em></span> <span class='ocrx_word' id='word_1_85' title='bbox 1389 718 1510 760; x_wconf 80' lang='lat' dir='ltr'><em>bomo</em></span> <span class='ocrx_word' id='word_1_86' title='bbox 1542 732 1570 759; x_wconf 87' lang='lat' dir='ltr'><em>a</em></span> <span class='ocrx_word' id='word_1_87' title='bbox 1599 716 1798 770; x_wconf 83' lang='lat' dir='ltr'><em>scientia,</em></span> 
     </span>
     <span class='ocr_line' id='line_1_14' title="bbox 302 771 1796 831; baseline -0.004 -11"><span class='ocrx_word' id='word_1_88' title='bbox 302 785 341 820; x_wconf 92' lang='lat' dir='ltr'><em>et</em></span> <span class='ocrx_word' id='word_1_89' title='bbox 362 793 385 821; x_wconf 91' lang='lat' dir='ltr'><em>o</em></span> <span class='ocrx_word' id='word_1_90' title='bbox 420 792 497 820; x_wconf 84' lang='lat' dir='ltr'><em>era</em></span> <span class='ocrx_word' id='word_1_91' title='bbox 517 792 664 820; x_wconf 87' lang='lat' dir='ltr'><em>eorum</em></span> <span class='ocrx_word' id='word_1_92' title='bbox 684 793 806 820; x_wconf 85' lang='lat' dir='ltr'><em>vana</em></span> <span class='ocrx_word' id='word_1_93' title='bbox 825 782 927 819; x_wconf 89' lang='lat' dir='ltr'><em>sunt</em></span> <span class='ocrx_word' id='word_1_94' title='bbox 956 782 994 818; x_wconf 89' lang='lat' dir='ltr'><em>et</em></span> <span class='ocrx_word' id='word_1_95' title='bbox 1018 776 1134 817; x_wconf 81' lang='lat' dir='ltr'><em>risui</em></span> <span class='ocrx_word' id='word_1_96' title='bbox 1154 775 1308 831; x_wconf 64' lang='lat' dir='ltr'><em>digna.</em></span> <span class='ocrx_word' id='word_1_97' title='bbox 1353 774 1485 830; x_wconf 88' lang='lat' dir='ltr'><em>Ergo,</em></span> <span class='ocrx_word' id='word_1_98' title='bbox 1504 772 1606 815; x_wconf 84' lang='lat' dir='ltr'><em>licet</em></span> <span class='ocrx_word' id='word_1_99' title='bbox 1623 771 1796 829; x_wconf 79' lang='lat' dir='ltr'><em>Moyses</em></span> 
     </span>
     <span class='ocr_line' id='line_1_15' title="bbox 304 829 1801 888; baseline -0.004 -11"><span class='ocrx_word' id='word_1_100' title='bbox 304 836 371 888; x_wconf 85' lang='lat' dir='ltr'><em>sit,</em></span> <span class='ocrx_word' id='word_1_101' title='bbox 413 834 497 876; x_wconf 83' lang='lat' dir='ltr'><em>ieet</em></span> <span class='ocrx_word' id='word_1_102' title='bbox 515 834 668 876; x_wconf 80' lang='lat' dir='ltr'><em>Petrus</em></span> <span class='ocrx_word' id='word_1_103' title='bbox 688 834 790 875; x_wconf 73' lang='lat' dir='ltr'><em>autb</em></span> <span class='ocrx_word' id='word_1_104' title='bbox 811 832 972 875; x_wconf 77' lang='lat' dir='ltr'><em>Paulus</em></span> <span class='ocrx_word' id='word_1_105' title='bbox 993 831 1060 884; x_wconf 85' lang='lat' dir='ltr'><em>sit,</em></span> <span class='ocrx_word' id='word_1_106' title='bbox 1080 831 1126 872; x_wconf 90' lang='lat' dir='ltr'><em>in</em></span> <span class='ocrx_word' id='word_1_107' title='bbox 1145 829 1324 872; x_wconf 91' lang='lat' dir='ltr'><em>nihilum</em></span> <span class='ocrx_word' id='word_1_108' title='bbox 1348 829 1624 886; x_wconf 86' lang='lat' dir='ltr'><em>deputabitur</em></span> <span class='ocrx_word' id='word_1_109' title='bbox 1644 835 1801 872; x_wconf 76' lang='lat' dir='ltr'><em>cuncta</em></span> 
     </span>
     <span class='ocr_line' id='line_1_16' title="bbox 304 885 1799 946; baseline -0.005 -13"><span class='ocrx_word' id='word_1_110' title='bbox 304 905 452 934; x_wconf 89' lang='lat' dir='ltr'><em>eorum</em></span> <span class='ocrx_word' id='word_1_111' title='bbox 474 888 638 946; x_wconf 82' lang='lat' dir='ltr'><strong>absque</strong></span> <span class='ocrx_word' id='word_1_112' title='bbox 657 889 754 932; x_wconf 90' lang='lat' dir='ltr'><em>Deo</em></span> <span class='ocrx_word' id='word_1_113' title='bbox 786 889 1009 946; x_wconf 83' lang='lat' dir='ltr'><strong>sapientia,</strong></span> <span class='ocrx_word' id='word_1_114' title='bbox 1038 902 1064 928; x_wconf 83' lang='lat' dir='ltr'>a</span> <span class='ocrx_word' id='word_1_115' title='bbox 1085 901 1170 944; x_wconf 92' lang='lat' dir='ltr'><em>quo</em></span> <span class='ocrx_word' id='word_1_116' title='bbox 1201 890 1268 929; x_wconf 80' lang='lat' dir='ltr'><em>est</em></span> <span class='ocrx_word' id='word_1_117' title='bbox 1295 887 1432 928; x_wconf 77' lang='lat' dir='ltr'><em>omnis</em></span> <span class='ocrx_word' id='word_1_118' title='bbox 1462 885 1632 938; x_wconf 85' lang='lat' dir='ltr'><em>modus,</em></span> <span class='ocrx_word' id='word_1_119' title='bbox 1659 885 1799 927; x_wconf 85' lang='lat' dir='ltr'><em>omnis</em></span> 
     </span>
     <span class='ocr_line' id='line_1_17' title="bbox 304 939 1798 1004; baseline -0.004 -15"><span class='ocrx_word' id='word_1_120' title='bbox 304 962 416 1004; x_wconf 82' lang='lat' dir='ltr'><em>spes,</em></span> <span class='ocrx_word' id='word_1_121' title='bbox 448 947 585 988; x_wconf 84' lang='lat' dir='ltr'><em>omnis</em></span> <span class='ocrx_word' id='word_1_122' title='bbox 615 945 734 999; x_wconf 90' lang='lat' dir='ltr'><em>ordo,</em></span> <span class='ocrx_word' id='word_1_123' title='bbox 764 946 901 987; x_wconf 84' lang='lat' dir='ltr'><em>omnis</em></span> <span class='ocrx_word' id='word_1_124' title='bbox 932 960 951 987; x_wconf 85' lang='lat' dir='ltr'><em>s</em></span> <span class='ocrx_word' id='word_1_125' title='bbox 984 944 1095 986; x_wconf 84' lang='lat' dir='ltr'><em>ecies</em></span> <span class='ocrx_word' id='word_1_126' title='bbox 1124 949 1167 986; x_wconf 84' lang='lat' dir='ltr'><em>et</em></span> <span class='ocrx_word' id='word_1_127' title='bbox 1196 944 1333 985; x_wconf 82' lang='lat' dir='ltr'><em>omnis</em></span> <span class='ocrx_word' id='word_1_128' title='bbox 1363 942 1539 985; x_wconf 82' lang='lat' dir='ltr'><em>iustitia.</em></span> <span class='ocrx_word' id='word_1_129' title='bbox 1583 939 1671 985; x_wconf 86' lang='lat' dir='ltr'><em>Sed</em></span> <span class='ocrx_word' id='word_1_130' title='bbox 1701 955 1798 984; x_wconf 84' lang='lat' dir='ltr'><em>con-</em></span> 
     </span>
     <span class='ocr_line' id='line_1_18' title="bbox 303 997 1799 1059; baseline -0.005 -13"><span class='ocrx_word' id='word_1_131' title='bbox 303 1002 547 1046; x_wconf 83' lang='lat' dir='ltr'><em>valescente</em></span> <span class='ocrx_word' id='word_1_132' title='bbox 576 1003 725 1059; x_wconf 85' lang='lat' dir='ltr'><em>iniqua</em></span> <span class='ocrx_word' id='word_1_133' title='bbox 745 1008 948 1045; x_wconf 83' lang='lat' dir='ltr'><em>consuetu</em></span> <span class='ocrx_word' id='word_1_134' title='bbox 980 1001 1064 1054; x_wconf 89' lang='lat' dir='ltr'><em>ine,</em></span> <span class='ocrx_word' id='word_1_135' title='bbox 1091 1000 1162 1041; x_wconf 89' lang='lat' dir='ltr'><em>hic</em></span> <span class='ocrx_word' id='word_1_136' title='bbox 1187 1013 1306 1042; x_wconf 84' lang='lat' dir='ltr'><em>error</em></span> <span class='ocrx_word' id='word_1_137' title='bbox 1333 1006 1551 1056; x_wconf 85' lang='lat' dir='ltr'><em>tamquam</em></span> <span class='ocrx_word' id='word_1_138' title='bbox 1579 997 1654 1040; x_wconf 81' lang='lat' dir='ltr'><em>lex</em></span> <span class='ocrx_word' id='word_1_139' title='bbox 1682 997 1799 1054; x_wconf 84' lang='lat' dir='ltr'><em>apud</em></span> 
     </span>
     <span class='ocr_line' id='line_1_19' title="bbox 305 1053 1800 1122; baseline -0.005 -19"><span class='ocrx_word' id='word_1_140' title='bbox 305 1075 378 1103; x_wconf 87' lang='lat' dir='ltr'><em>eos</em></span> <span class='ocrx_word' id='word_1_141' title='bbox 408 1066 472 1102; x_wconf 86' lang='lat' dir='ltr'><em>est</em></span> <span class='ocrx_word' id='word_1_142' title='bbox 501 1057 760 1113; x_wconf 81' lang='lat' dir='ltr'><em>custoditus3</em></span> <span class='ocrx_word' id='word_1_143' title='bbox 791 1057 844 1100; x_wconf 88' lang='lat' dir='ltr'><em>de</em></span> <span class='ocrx_word' id='word_1_144' title='bbox 875 1056 1073 1122; x_wconf 83' lang='lat' dir='ltr'><em>qualibus</em></span> <span class='ocrx_word' id='word_1_145' title='bbox 1103 1054 1254 1098; x_wconf 81' lang='lat' dir='ltr'><em>scribit</em></span> <span class='ocrx_word' id='word_1_146' title='bbox 1274 1055 1532 1098; x_wconf 79' lang='lat' dir='ltr'><em>Cassianus³</em></span> <span class='ocrx_word' id='word_1_147' title='bbox 1563 1053 1620 1098; x_wconf 85' lang='lat' dir='ltr'><em>ad</em></span> <span class='ocrx_word' id='word_1_148' title='bbox 1651 1053 1800 1097; x_wconf 82' lang='lat' dir='ltr'><em>Casto-</em></span> 
     </span>
     <span class='ocr_line' id='line_1_20' title="bbox 304 1110 1800 1172; baseline -0.005 -13"><span class='ocrx_word' id='word_1_149' title='bbox 304 1131 395 1159; x_wconf 86' lang='lat' dir='ltr'><em>rem</em></span> <span class='ocrx_word' id='word_1_150' title='bbox 433 1117 685 1172; x_wconf 85' lang='lat' dir='ltr'><em>episcopum</em></span> <span class='ocrx_word' id='word_1_151' title='bbox 721 1115 765 1156; x_wconf 88' lang='lat' dir='ltr'><em>in</em></span> <span class='ocrx_word' id='word_1_152' title='bbox 802 1113 922 1157; x_wconf 79' lang='lat' dir='ltr'><em>libris</em></span> <span class='ocrx_word' id='word_1_153' title='bbox 958 1113 1012 1156; x_wconf 89' lang='lat' dir='ltr'><em>de</em></span> <span class='ocrx_word' id='word_1_154' title='bbox 1041 1111 1199 1169; x_wconf 83' lang='lat' dir='ltr'><em>regulis</em></span> <span class='ocrx_word' id='word_1_155' title='bbox 1229 1111 1535 1154; x_wconf 88' lang='lat' dir='ltr'><em>monachorum</em></span> <span class='ocrx_word' id='word_1_156' title='bbox 1566 1119 1608 1154; x_wconf 85' lang='lat' dir='ltr'><em>et</em></span> <span class='ocrx_word' id='word_1_157' title='bbox 1635 1110 1800 1153; x_wconf 82' lang='lat' dir='ltr'><em>institu-</em></span> 
     </span>
     <span class='ocr_line' id='line_1_21' title="bbox 305 1171 1849 1227; baseline -0.004 -11"><span class='ocrx_word' id='word_1_158' title='bbox 305 1172 507 1216; x_wconf 75' lang='lat' dir='ltr'><em>tionibus.</em></span> <span class='ocrx_word' id='word_1_159' title='bbox 582 1181 700 1224; x_wconf 87' lang='lat' dir='ltr'><em>Multi,</em></span> <span class='ocrx_word' id='word_1_160' title='bbox 739 1171 893 1227; x_wconf 75' lang='lat' dir='ltr'><em>inquit,</em></span> <span class='ocrx_word' id='word_1_161' title='bbox 929 1191 998 1224; x_wconf 86' lang='lat' dir='ltr'><em>per</em></span> <span class='ocrx_word' id='word_1_162' title='bbox 1036 1179 1199 1213; x_wconf 72' lang='lat' dir='ltr'><em>diversas</em></span> <span class='ocrx_word' id='word_1_163' title='bbox 1239 1178 1399 1223; x_wconf 70' lang='lat' dir='ltr'><em>reqiones</em></span> <span class='ocrx_word' id='word_1_164' title='bbox 1432 1189 1500 1221; x_wconf 78' lang='lat' dir='ltr'><em>pro</em></span> <span class='ocrx_word' id='word_1_165' title='bbox 1542 1175 1689 1210; x_wconf 85' lang='lat' dir='ltr'><em>arbitrio</em></span> <span class='ocrx_word' id='word_1_166' title='bbox 1723 1187 1799 1218; x_wconf 90' lang='lat' dir='ltr'><em>suo,</em></span> <span class='ocrx_word' id='word_1_167' title='bbox 1847 1187 1849 1189; x_wconf 89' lang='lat'>·</span> 
     </span>
     <span class='ocr_line' id='line_1_22' title="bbox 306 1225 1800 1275; baseline -0.006 -8"><span class='ocrx_word' id='word_1_168' title='bbox 306 1233 471 1267; x_wconf 77' lang='lat' dir='ltr'><em>habentes</em></span> <span class='ocrx_word' id='word_1_169' title='bbox 498 1232 650 1275; x_wconf 89' lang='lat' dir='ltr'><em>quidem,</em></span> <span class='ocrx_word' id='word_1_170' title='bbox 676 1235 717 1264; x_wconf 83' lang='lat' dir='ltr'><em>ut</em></span> <span class='ocrx_word' id='word_1_171' title='bbox 736 1232 916 1275; x_wconf 86' lang='lat' dir='ltr'><em>apostolus</em></span> <span class='ocrx_word' id='word_1_172' title='bbox 939 1229 1001 1270; x_wconf 89' lang='lat' dir='ltr'><em>ait,</em></span> <span class='ocrx_word' id='word_1_173' title='bbox 1027 1229 1164 1262; x_wconf 77' lang='lat' dir='ltr'><em>zelum⁰</em></span> <span class='ocrx_word' id='word_1_174' title='bbox 1185 1226 1267 1270; x_wconf 87' lang='lat' dir='ltr'><em>Dei,</em></span> <span class='ocrx_word' id='word_1_175' title='bbox 1293 1228 1356 1261; x_wconf 87' lang='lat' dir='ltr'><em>sed</em></span> <span class='ocrx_word' id='word_1_176' title='bbox 1381 1239 1453 1261; x_wconf 88' lang='lat' dir='ltr'><em>non</em></span> <span class='ocrx_word' id='word_1_177' title='bbox 1478 1226 1668 1260; x_wconf 77' lang='lat' dir='ltr'><em>secundum</em></span> <span class='ocrx_word' id='word_1_178' title='bbox 1689 1225 1800 1260; x_wconf 81' lang='lat' dir='ltr'><em>scien-</em></span> 
     </span>
     <span class='ocr_line' id='line_1_23' title="bbox 307 1274 1799 1324; baseline -0.005 -9"><span class='ocrx_word' id='word_1_179' title='bbox 307 1281 405 1324; x_wconf 83' lang='lat' dir='ltr'><em>tiam,</em></span> <span class='ocrx_word' id='word_1_180' title='bbox 431 1281 589 1315; x_wconf 86' lang='lat' dir='ltr'><em>diversos</em></span> <span class='ocrx_word' id='word_1_181' title='bbox 606 1280 727 1314; x_wconf 90' lang='lat' dir='ltr'><em>modos</em></span> <span class='ocrx_word' id='word_1_182' title='bbox 746 1292 788 1314; x_wconf 90' lang='lat' dir='ltr'><em>ac</em></span> <span class='ocrx_word' id='word_1_183' title='bbox 804 1280 946 1324; x_wconf 84' lang='lat' dir='ltr'><em>re9ulas</em></span> <span class='ocrx_word' id='word_1_184' title='bbox 972 1277 1106 1311; x_wconf 88' lang='lat' dir='ltr'><em>sibimet</em></span> <span class='ocrx_word' id='word_1_185' title='bbox 1131 1277 1394 1319; x_wconf 86' lang='lat' dir='ltr'><em>constituerunt,</em></span> <span class='ocrx_word' id='word_1_186' title='bbox 1421 1280 1453 1310; x_wconf 91' lang='lat' dir='ltr'><em>et</em></span> <span class='ocrx_word' id='word_1_187' title='bbox 1478 1279 1526 1309; x_wconf 92' lang='lat' dir='ltr'><em>tot</em></span> <span class='ocrx_word' id='word_1_188' title='bbox 1543 1274 1799 1318; x_wconf 76' lang='lat' dir='ltr'><em>propemodum</em></span> 
     </span>
     <span class='ocr_line' id='line_1_24' title="bbox 306 1325 1801 1375; baseline -0.006 -10"><span class='ocrx_word' id='word_1_189' title='bbox 306 1331 451 1375; x_wconf 66' lang='lat' dir='ltr'><em>regulae</em></span> <span class='ocrx_word' id='word_1_190' title='bbox 485 1336 567 1364; x_wconf 88' lang='lat' dir='ltr'><em>sunt</em></span> <span class='ocrx_word' id='word_1_191' title='bbox 605 1334 811 1372; x_wconf 76' lang='lat' dir='ltr'><em>usurpatae,</em></span> <span class='ocrx_word' id='word_1_192' title='bbox 854 1332 936 1372; x_wconf 86' lang='lat' dir='ltr'><em>quot</em></span> <span class='ocrx_word' id='word_1_193' title='bbox 970 1325 1076 1360; x_wconf 87' lang='lat' dir='ltr'><em>etiam</em></span> <span class='ocrx_word' id='word_1_194' title='bbox 1110 1325 1326 1360; x_wconf 87' lang='lat' dir='ltr'><em>monasteria</em></span> <span class='ocrx_word' id='word_1_195' title='bbox 1364 1325 1540 1368; x_wconf 84' lang='lat' dir='ltr'><em>cellaeque</em></span> <span class='ocrx_word' id='word_1_196' title='bbox 1581 1327 1801 1358; x_wconf 81' lang='lat' dir='ltr'><em>constructae</em></span> 
     </span>
     <span class='ocr_line' id='line_1_25' title="bbox 307 1374 1801 1422; baseline -0.005 -9"><span class='ocrx_word' id='word_1_197' title='bbox 307 1384 413 1420; x_wconf 89' lang='lat' dir='ltr'><em>sunt,·</em></span> <span class='ocrx_word' id='word_1_198' title='bbox 463 1379 610 1422; x_wconf 86' lang='lat' dir='ltr'><em>ideoque</em></span> <span class='ocrx_word' id='word_1_199' title='bbox 655 1384 809 1420; x_wconf 79' lang='lat' dir='ltr'><em>constat,</em></span> <span class='ocrx_word' id='word_1_200' title='bbox 860 1378 925 1411; x_wconf 78' lang='lat' dir='ltr'><em>bas</em></span> <span class='ocrx_word' id='word_1_201' title='bbox 974 1375 1197 1410; x_wconf 67' lang='lat' dir='ltr'><em>diversitates</em></span> <span class='ocrx_word' id='word_1_202' title='bbox 1234 1386 1305 1418; x_wconf 91' lang='lat' dir='ltr'><em>per</em></span> <span class='ocrx_word' id='word_1_203' title='bbox 1348 1374 1556 1417; x_wconf 84' lang='lat' dir='ltr'><em>provincias</em></span> <span class='ocrx_word' id='word_1_204' title='bbox 1607 1378 1801 1416; x_wconf 83' lang='lat' dir='ltr'><em>usurpatas</em></span> 
     </span>
     <span class='ocr_line' id='line_1_26' title="bbox 309 1420 1803 1472; baseline -0.005 -9"><span class='ocrx_word' id='word_1_205' title='bbox 309 1440 394 1471; x_wconf 88' lang='lat' dir='ltr'><em>esse,</em></span> <span class='ocrx_word' id='word_1_206' title='bbox 429 1429 514 1472; x_wconf 85' lang='lat' dir='ltr'><em>quia</em></span> <span class='ocrx_word' id='word_1_207' title='bbox 544 1428 694 1462; x_wconf 83' lang='lat' dir='ltr'><em>necdum</em></span> <span class='ocrx_word' id='word_1_208' title='bbox 729 1427 907 1462; x_wconf 86' lang='lat' dir='ltr'><em>seniorum</em></span> <span class='ocrx_word' id='word_1_209' title='bbox 938 1423 1220 1459; x_wconf 74' lang='lat' dir='ltr'><em>institutionibus</em></span> <span class='ocrx_word' id='word_1_210' title='bbox 1254 1423 1396 1465; x_wconf 87' lang='lat' dir='ltr'><em>eruditi,</em></span> <span class='ocrx_word' id='word_1_211' title='bbox 1437 1421 1628 1457; x_wconf 78' lang='lat' dir='ltr'><em>nescientes</em></span> <span class='ocrx_word' id='word_1_212' title='bbox 1659 1420 1803 1466; x_wconf 83' lang='lat' dir='ltr'><em>quidem</em></span> 
     </span>
     <span class='ocr_line' id='line_1_27' title="bbox 309 1471 1802 1519; baseline -0.006 -7"><span class='ocrx_word' id='word_1_213' title='bbox 309 1479 469 1512; x_wconf 79' lang='lat' dir='ltr'><em>ordinem</em></span> <span class='ocrx_word' id='word_1_214' title='bbox 507 1476 737 1519; x_wconf 84' lang='lat' dir='ltr'><em>disciplinae,</em></span> <span class='ocrx_word' id='word_1_215' title='bbox 781 1473 1005 1510; x_wconf 84' lang='lat' dir='ltr'><em>monasteriis</em></span> <span class='ocrx_word' id='word_1_216' title='bbox 1036 1484 1204 1516; x_wconf 84' lang='lat' dir='ltr'><em>praeesse</em></span> <span class='ocrx_word' id='word_1_217' title='bbox 1235 1472 1415 1516; x_wconf 83' lang='lat' dir='ltr'><em>festinant</em></span> <span class='ocrx_word' id='word_1_218' title='bbox 1451 1478 1484 1506; x_wconf 87' lang='lat' dir='ltr'><em>et</em></span> <span class='ocrx_word' id='word_1_219' title='bbox 1523 1471 1665 1505; x_wconf 82' lang='lat' dir='ltr'><em>abbates</em></span> <span class='ocrx_word' id='word_1_220' title='bbox 1704 1476 1802 1504; x_wconf 89' lang='lat' dir='ltr'><em>ante-</em></span> 
     </span>
     <span class='ocr_line' id='line_1_28' title="bbox 309 1518 1801 1572; baseline -0.005 -12"><span class='ocrx_word' id='word_1_221' title='bbox 309 1539 416 1572; x_wconf 88' lang='lat' dir='ltr'><em>quam</em></span> <span class='ocrx_word' id='word_1_222' title='bbox 454 1525 622 1569; x_wconf 87' lang='lat' dir='ltr'><em>discipuli</em></span> <span class='ocrx_word' id='word_1_223' title='bbox 660 1526 754 1568; x_wconf 81' lang='lat' dir='ltr'><em>quod</em></span> <span class='ocrx_word' id='word_1_224' title='bbox 791 1525 927 1559; x_wconf 87' lang='lat' dir='ltr'><em>libitum</em></span> <span class='ocrx_word' id='word_1_225' title='bbox 954 1522 1075 1567; x_wconf 85' lang='lat' dir='ltr'><em>fuerit</em></span> <span class='ocrx_word' id='word_1_226' title='bbox 1112 1521 1294 1556; x_wconf 88' lang='lat' dir='ltr'><em>observari</em></span> <span class='ocrx_word' id='word_1_227' title='bbox 1330 1522 1533 1562; x_wconf 79' lang='lat' dir='ltr'><em>decernunt,</em></span> <span class='ocrx_word' id='word_1_228' title='bbox 1564 1518 1801 1564; x_wconf 76' lang='lat' dir='ltr'><em>promptiores</em></span> 
     </span>
     <span class='ocr_line' id='line_1_29' title="bbox 309 1570 1801 1619; baseline -0.005 -9"><span class='ocrx_word' id='word_1_229' title='bbox 309 1588 454 1610; x_wconf 88' lang='lat' dir='ltr'><em>suorum</em></span> <span class='ocrx_word' id='word_1_230' title='bbox 478 1574 701 1609; x_wconf 84' lang='lat' dir='ltr'><em>inventorum</em></span> <span class='ocrx_word' id='word_1_231' title='bbox 728 1575 866 1619; x_wconf 74' lang='lat' dir='ltr'><em>exiqere</em></span> <span class='ocrx_word' id='word_1_232' title='bbox 892 1571 1100 1613; x_wconf 86' lang='lat' dir='ltr'><em>custodiam,</em></span> <span class='ocrx_word' id='word_1_233' title='bbox 1133 1583 1239 1615; x_wconf 86' lang='lat' dir='ltr'><em>quam</em></span> <span class='ocrx_word' id='word_1_234' title='bbox 1266 1571 1506 1605; x_wconf 71' lang='lat' dir='ltr'><em>examinatam</em></span> <span class='ocrx_word' id='word_1_235' title='bbox 1529 1570 1704 1603; x_wconf 84' lang='lat' dir='ltr'><em>maiorum</em></span> <span class='ocrx_word' id='word_1_236' title='bbox 1729 1579 1801 1602; x_wconf 88' lang='lat' dir='ltr'><em>ser-</em></span> 
     </span>
     <span class='ocr_line' id='line_1_30' title="bbox 309 1617 1803 1673; baseline -0.006 -8"><span class='ocrx_word' id='word_1_237' title='bbox 309 1643 394 1665; x_wconf 86' lang='lat' dir='ltr'><em>vare</em></span> <span class='ocrx_word' id='word_1_238' title='bbox 421 1629 630 1665; x_wconf 82' lang='lat' dir='ltr'><em>doctrinam.</em></span> <span class='ocrx_word' id='word_1_239' title='bbox 682 1629 799 1673; x_wconf 84' lang='lat' dir='ltr'><em>Super</em></span> <span class='ocrx_word' id='word_1_240' title='bbox 824 1629 890 1662; x_wconf 80' lang='lat' dir='ltr'><em>hac</em></span> <span class='ocrx_word' id='word_1_241' title='bbox 915 1639 965 1670; x_wconf 87' lang='lat' dir='ltr'><em>re,</em></span> <span class='ocrx_word' id='word_1_242' title='bbox 996 1617 1150 1673; x_wconf 77' lang='lat' dir='ltr'><em>inquit,</em></span> <span class='ocrx_word' id='word_1_243' title='bbox 1179 1625 1251 1661; x_wconf 86' lang='lat' dir='ltr'><em>viri</em></span> <span class='ocrx_word' id='word_1_244' title='bbox 1276 1631 1307 1659; x_wconf 88' lang='lat' dir='ltr'><em>et</em></span> <span class='ocrx_word' id='word_1_245' title='bbox 1332 1624 1407 1658; x_wconf 84' lang='lat' dir='ltr'><em>vita</em></span> <span class='ocrx_word' id='word_1_246' title='bbox 1431 1625 1564 1660; x_wconf 85' lang='lat' dir='ltr'><em>nobiles</em></span> <span class='ocrx_word' id='word_1_247' title='bbox 1589 1630 1621 1658; x_wconf 92' lang='lat' dir='ltr'><em>et</em></span> <span class='ocrx_word' id='word_1_248' title='bbox 1645 1634 1803 1657; x_wconf 83' lang='lat' dir='ltr'><em>sermone</em></span> 
     </span>
     <span class='ocr_line' id='line_1_31' title="bbox 309 1672 1802 1723; baseline -0.005 -10"><span class='ocrx_word' id='word_1_249' title='bbox 309 1680 521 1723; x_wconf 73' lang='lat' dir='ltr'><em>scientiaque</em></span> <span class='ocrx_word' id='word_1_250' title='bbox 540 1678 724 1722; x_wconf 85' lang='lat' dir='ltr'><em>praeclari</em></span> <span class='ocrx_word' id='word_1_251' title='bbox 749 1679 861 1712; x_wconf 86' lang='lat' dir='ltr'><em>multa</em></span> <span class='ocrx_word' id='word_1_252' title='bbox 884 1678 957 1710; x_wconf 91' lang='lat' dir='ltr'><em>iam</em></span> <span class='ocrx_word' id='word_1_253' title='bbox 983 1678 1152 1720; x_wconf 76' lang='lat' dir='ltr'><em>opuscula</em></span> <span class='ocrx_word' id='word_1_254' title='bbox 1177 1674 1411 1715; x_wconf 85' lang='lat' dir='ltr'><em>desudarunt,</em></span> <span class='ocrx_word' id='word_1_255' title='bbox 1439 1679 1599 1707; x_wconf 72' lang='lat' dir='ltr'><em>sanctum</em></span> <span class='ocrx_word' id='word_1_256' title='bbox 1623 1672 1802 1706; x_wconf 86' lang='lat' dir='ltr'><em>Basilium</em></span> 
     </span>
     <span class='ocr_line' id='line_1_32' title="bbox 310 1720 1804 1771; baseline -0.005 -9"><span class='ocrx_word' id='word_1_257' title='bbox 310 1733 342 1763; x_wconf 92' lang='lat' dir='ltr'><em>et</em></span> <span class='ocrx_word' id='word_1_258' title='bbox 375 1729 632 1771; x_wconf 76' lang='lat' dir='ltr'><em>Hieronymum</em></span> <span class='ocrx_word' id='word_1_259' title='bbox 670 1726 748 1761; x_wconf 87' lang='lat' dir='ltr'><em>dico</em></span> <span class='ocrx_word' id='word_1_260' title='bbox 788 1726 944 1769; x_wconf 83' lang='lat' dir='ltr'><em>aliosque</em></span> <span class='ocrx_word' id='word_1_261' title='bbox 981 1726 1183 1766; x_wconf 88' lang='lat' dir='ltr'><em>nonnullos,</em></span> <span class='ocrx_word' id='word_1_262' title='bbox 1223 1734 1371 1766; x_wconf 76' lang='lat' dir='ltr'><em>quorum</em></span> <span class='ocrx_word' id='word_1_263' title='bbox 1409 1728 1508 1756; x_wconf 91' lang='lat' dir='ltr'><em>tenor</em></span> <span class='ocrx_word' id='word_1_264' title='bbox 1544 1720 1804 1755; x_wconf 77' lang='lat' dir='ltr'><em>sciscitantibus</em></span> 
     </span>
     <span class='ocr_line' id='line_1_33' title="bbox 300 1769 1853 1822; baseline -0.005 -11"><span class='ocrx_word' id='word_1_265' title='bbox 300 1778 484 1822; x_wconf 87' lang='lat' dir='ltr'><em>fratribus</em></span> <span class='ocrx_word' id='word_1_266' title='bbox 509 1788 616 1820; x_wconf 87' lang='lat' dir='ltr'><em>super</em></span> <span class='ocrx_word' id='word_1_267' title='bbox 642 1775 791 1810; x_wconf 82' lang='lat' dir='ltr'><em>diversis</em></span> <span class='ocrx_word' id='word_1_268' title='bbox 816 1773 985 1808; x_wconf 85' lang='lat' dir='ltr'><em>institutis</em></span> <span class='ocrx_word' id='word_1_269' title='bbox 1011 1775 1066 1808; x_wconf 86' lang='lat' dir='ltr'><em>vel</em></span> <span class='ocrx_word' id='word_1_270' title='bbox 1090 1771 1354 1817; x_wconf 81' lang='lat' dir='ltr'><em>quaestionibus</em></span> <span class='ocrx_word' id='word_1_271' title='bbox 1379 1783 1451 1804; x_wconf 87' lang='lat' dir='ltr'><em>non</em></span> <span class='ocrx_word' id='word_1_272' title='bbox 1477 1771 1590 1804; x_wconf 78' lang='lat' dir='ltr'><em>sotum</em></span> <span class='ocrx_word' id='word_1_273' title='bbox 1603 1769 1806 1814; x_wconf 81' lang='lat' dir='ltr'><em>facundia,</em></span> <span class='ocrx_word' id='word_1_274' title='bbox 1851 1801 1853 1803; x_wconf 90' lang='lat'>.</span> 
     </span>
     <span class='ocr_line' id='line_1_34' title="bbox 310 1820 1802 1866; baseline -0.005 -6"><span class='ocrx_word' id='word_1_275' title='bbox 310 1838 432 1861; x_wconf 82' lang='lat' dir='ltr'><em>verum</em></span> <span class='ocrx_word' id='word_1_276' title='bbox 466 1826 568 1860; x_wconf 87' lang='lat' dir='ltr'><em>etiam</em></span> <span class='ocrx_word' id='word_1_277' title='bbox 595 1825 815 1859; x_wconf 86' lang='lat' dir='ltr'><em>Divinarum</em></span> <span class='ocrx_word' id='word_1_278' title='bbox 840 1823 1110 1866; x_wconf 83' lang='lat' dir='ltr'><em>Scripturarum</em></span> <span class='ocrx_word' id='word_1_279' title='bbox 1148 1820 1353 1856; x_wconf 84' lang='lat' dir='ltr'><em>testimoniis</em></span> <span class='ocrx_word' id='word_1_280' title='bbox 1388 1820 1525 1863; x_wconf 82' lang='lat' dir='ltr'><em>copioso</em></span> <span class='ocrx_word' id='word_1_281' title='bbox 1558 1831 1715 1854; x_wconf 83' lang='lat' dir='ltr'><em>sermone</em></span> <span class='ocrx_word' id='word_1_282' title='bbox 1747 1830 1802 1853; x_wconf 89' lang='lat' dir='ltr'><em>re-</em></span> 
     </span>
     <span class='ocr_line' id='line_1_35' title="bbox 311 1865 1804 1926; baseline -0.007 -11"><span class='ocrx_word' id='word_1_283' title='bbox 311 1882 470 1925; x_wconf 77' lang='lat' dir='ltr'><em>spondet.</em></span> <span class='ocrx_word' id='word_1_284' title='bbox 512 1870 638 1913; x_wconf 88' lang='lat' dir='ltr'><em>Unde</em></span> <span class='ocrx_word' id='word_1_285' title='bbox 661 1877 703 1912; x_wconf 85' lang='lat' dir='ltr'><em>et</em></span> <span class='ocrx_word' id='word_1_286' title='bbox 722 1870 879 1926; x_wconf 87' lang='lat' dir='ltr'><em>legitur</em></span> <span class='ocrx_word' id='word_1_287' title='bbox 906 1870 951 1909; x_wconf 91' lang='lat' dir='ltr'><em>in</em></span> <span class='ocrx_word' id='word_1_288' title='bbox 971 1867 1276 1910; x_wconf 84' lang='lat' dir='ltr'><em>Ecclesiastica</em></span> <span class='ocrx_word' id='word_1_289' title='bbox 1294 1865 1514 1908; x_wconf 63' lang='lat' dir='ltr'><em>Historia*</em></span> <span class='ocrx_word' id='word_1_290' title='bbox 1539 1865 1591 1907; x_wconf 90' lang='lat' dir='ltr'><em>de</em></span> <span class='ocrx_word' id='word_1_291' title='bbox 1611 1865 1804 1921; x_wconf 87' lang='lat' dir='ltr'><em>priorum</em></span> 
     </span>
     <span class='ocr_line' id='line_1_36' title="bbox 310 1920 1806 1983; baseline -0.005 -14"><span class='ocrx_word' id='word_1_292' title='bbox 310 1933 481 1983; x_wconf 84' lang='lat' dir='ltr'><em>patrum</em></span> <span class='ocrx_word' id='word_1_293' title='bbox 520 1926 798 1982; x_wconf 83' lang='lat' dir='ltr'><em>temporibus,</em></span> <span class='ocrx_word' id='word_1_294' title='bbox 833 1923 1048 1982; x_wconf 90' lang='lat' dir='ltr'><em>quomodo</em></span> <span class='ocrx_word' id='word_1_295' title='bbox 1087 1925 1333 1966; x_wconf 78' lang='lat' dir='ltr'><em>restiterunt</em></span> <span class='ocrx_word' id='word_1_296' title='bbox 1365 1920 1479 1978; x_wconf 85' lang='lat' dir='ltr'><em>lupis</em></span> <span class='ocrx_word' id='word_1_297' title='bbox 1515 1921 1637 1978; x_wconf 81' lang='lat' dir='ltr'><em>gregi</em></span> <span class='ocrx_word' id='word_1_298' title='bbox 1672 1920 1806 1963; x_wconf 86' lang='lat' dir='ltr'><em>domi-</em></span> 
     </span>
     <span class='ocr_line' id='line_1_37' title="bbox 311 1977 1806 2046; baseline -0.005 -21"><span class='ocrx_word' id='word_1_299' title='bbox 311 1984 409 2025; x_wconf 86' lang='lat' dir='ltr'><em>nico</em></span> <span class='ocrx_word' id='word_1_300' title='bbox 449 1982 766 2037; x_wconf 86' lang='lat' dir='ltr'><em>insidiantibus,</em></span> <span class='ocrx_word' id='word_1_301' title='bbox 802 1982 892 2046; x_wconf 46' lang='lat' dir='ltr'><em>qui·</em></span> <span class='ocrx_word' id='word_1_302' title='bbox 914 1995 1029 2022; x_wconf 88' lang='lat' dir='ltr'><em>nunc</em></span> <span class='ocrx_word' id='word_1_303' title='bbox 1063 1979 1160 2038; x_wconf 83' lang='lat' dir='ltr'><em>plus</em></span> <span class='ocrx_word' id='word_1_304' title='bbox 1190 1978 1412 2022; x_wconf 85' lang='lat' dir='ltr'><em>abundant</em></span> <span class='ocrx_word' id='word_1_305' title='bbox 1439 1978 1534 2020; x_wconf 82' lang='lat' dir='ltr'><em>istis</em></span> <span class='ocrx_word' id='word_1_306' title='bbox 1562 1977 1806 2020; x_wconf 85' lang='lat' dir='ltr'><em>novissimis</em></span> 
     </span>
    </p>
   </div>
   <div class='ocr_carea' id='block_1_5' title="bbox 307 2037 1808 2543">
    <p class='ocr_par' dir='ltr' id='par_1_7' title="bbox 307 2037 1808 2543">
     <span class='ocr_line' id='line_1_38' title="bbox 313 2037 1806 2094; baseline -0.003 -14"><span class='ocrx_word' id='word_1_307' title='bbox 313 2038 480 2081; x_wconf 79' lang='lat' dir='ltr'><em>diebus.</em></span> <span class='ocrx_word' id='word_1_308' title='bbox 538 2050 655 2094; x_wconf 72' lang='lat' dir='ltr'><em>Iqitur</em></span> <span class='ocrx_word' id='word_1_309' title='bbox 684 2048 854 2090; x_wconf 79' lang='lat' dir='ltr'><em>hereticis,</em></span> <span class='ocrx_word' id='word_1_310' title='bbox 879 2037 1031 2093; x_wconf 77' lang='lat' dir='ltr'><em>lnquit,</em></span> <span class='ocrx_word' id='word_1_311' title='bbox 1063 2058 1129 2091; x_wconf 86' lang='lat' dir='ltr'><em>per</em></span> <span class='ocrx_word' id='word_1_312' title='bbox 1154 2058 1287 2081; x_wconf 90' lang='lat' dir='ltr'><em>omnem</em></span> <span class='ocrx_word' id='word_1_313' title='bbox 1313 2046 1427 2079; x_wconf 87' lang='lat' dir='ltr'><em>locum</em></span> <span class='ocrx_word' id='word_1_314' title='bbox 1456 2043 1677 2078; x_wconf 74' lang='lat' dir='ltr'><em>zizaniorum</em></span> <span class='ocrx_word' id='word_1_315' title='bbox 1701 2043 1806 2077; x_wconf 87' lang='lat' dir='ltr'><em>modo</em></span> 
     </span>
     <span class='ocr_line' id='line_1_39' title="bbox 307 2092 1808 2143; baseline -0.005 -10"><span class='ocrx_word' id='word_1_316' title='bbox 307 2111 407 2143; x_wconf 89' lang='lat' dir='ltr'><em>pura</em></span> <span class='ocrx_word' id='word_1_317' title='bbox 431 2099 530 2133; x_wconf 84' lang='lat' dir='ltr'><em>verbi</em></span> <span class='ocrx_word' id='word_1_318' title='bbox 553 2098 624 2132; x_wconf 88' lang='lat' dir='ltr'><em>Dei</em></span> <span class='ocrx_word' id='word_1_319' title='bbox 650 2099 786 2132; x_wconf 88' lang='lat' dir='ltr'><em>semina</em></span> <span class='ocrx_word' id='word_1_320' title='bbox 809 2097 1070 2131; x_wconf 83' lang='lat' dir='ltr'><em>maculantibus</em></span> <span class='ocrx_word' id='word_1_321' title='bbox 1097 2102 1129 2130; x_wconf 89' lang='lat' dir='ltr'><em>et</em></span> <span class='ocrx_word' id='word_1_322' title='bbox 1147 2107 1250 2130; x_wconf 85' lang='lat' dir='ltr'><em>areas</em></span> <span class='ocrx_word' id='word_1_323' title='bbox 1270 2093 1481 2139; x_wconf 79' lang='lat' dir='ltr'><em>apostolicae</em></span> <span class='ocrx_word' id='word_1_324' title='bbox 1499 2093 1680 2127; x_wconf 87' lang='lat' dir='ltr'><em>doctrinae</em></span> <span class='ocrx_word' id='word_1_325' title='bbox 1702 2092 1808 2126; x_wconf 85' lang='lat' dir='ltr'><em>adul-</em></span> 
     </span>
     <span class='ocr_line' id='line_1_40' title="bbox 313 2142 1808 2191; baseline -0.005 -9"><span class='ocrx_word' id='word_1_326' title='bbox 313 2149 430 2183; x_wconf 88' lang='lat' dir='ltr'><em>terina</em></span> <span class='ocrx_word' id='word_1_327' title='bbox 457 2147 666 2182; x_wconf 86' lang='lat' dir='ltr'><em>admistione</em></span> <span class='ocrx_word' id='word_1_328' title='bbox 691 2146 944 2191; x_wconf 81' lang='lat' dir='ltr'><em>polluentibus,</em></span> <span class='ocrx_word' id='word_1_329' title='bbox 977 2157 1020 2180; x_wconf 77' lang='lat' dir='ltr'><em>eoe</em></span> <span class='ocrx_word' id='word_1_330' title='bbox 1052 2146 1147 2179; x_wconf 88' lang='lat' dir='ltr'><em>omni</em></span> <span class='ocrx_word' id='word_1_331' title='bbox 1171 2149 1278 2188; x_wconf 89' lang='lat' dir='ltr'><em>parte</em></span> <span class='ocrx_word' id='word_1_332' title='bbox 1311 2143 1507 2178; x_wconf 86' lang='lat' dir='ltr'><em>sacerdotes</em></span> <span class='ocrx_word' id='word_1_333' title='bbox 1532 2142 1679 2176; x_wconf 87' lang='lat' dir='ltr'><em>Domini</em></span> <span class='ocrx_word' id='word_1_334' title='bbox 1710 2142 1808 2175; x_wconf 82' lang='lat' dir='ltr'><em>velut</em></span> 
     </span>
     <span class='ocr_line' id='line_1_41' title="bbox 313 2188 1808 2242; baseline -0.005 -11"><span class='ocrx_word' id='word_1_335' title='bbox 313 2196 498 2242; x_wconf 76' lang='lat' dir='ltr'><em>viqilantes</em></span> <span class='ocrx_word' id='word_1_336' title='bbox 526 2196 700 2241; x_wconf 65' lang='lat' dir='ltr'><em>agricolae</em></span> <span class='ocrx_word' id='word_1_337' title='bbox 726 2199 885 2230; x_wconf 79' lang='lat' dir='ltr'><em>eoecutere</em></span> <span class='ocrx_word' id='word_1_338' title='bbox 912 2201 943 2229; x_wconf 91' lang='lat' dir='ltr'><em>et</em></span> <span class='ocrx_word' id='word_1_339' title='bbox 969 2206 1167 2239; x_wconf 74' lang='lat' dir='ltr'><em>expuryare</em></span> <span class='ocrx_word' id='word_1_340' title='bbox 1193 2205 1311 2228; x_wconf 87' lang='lat' dir='ltr'><em>eorum</em></span> <span class='ocrx_word' id='word_1_341' title='bbox 1336 2193 1433 2225; x_wconf 89' lang='lat' dir='ltr'><em>mala</em></span> <span class='ocrx_word' id='word_1_342' title='bbox 1453 2188 1587 2225; x_wconf 86' lang='lat' dir='ltr'><em>semina</em></span> <span class='ocrx_word' id='word_1_343' title='bbox 1603 2190 1808 2225; x_wconf 87' lang='lat' dir='ltr'><em>nitebantur</em></span> 
     </span>
     <span class='ocr_line' id='line_1_42' title="bbox 314 2239 1805 2289; baseline -0.005 -9"><span class='ocrx_word' id='word_1_344' title='bbox 314 2252 346 2281; x_wconf 92' lang='lat' dir='ltr'><em>et</em></span> <span class='ocrx_word' id='word_1_345' title='bbox 364 2252 534 2289; x_wconf 79' lang='lat' dir='ltr'><em>tanquam</em></span> <span class='ocrx_word' id='word_1_346' title='bbox 559 2245 699 2279; x_wconf 84' lang='lat' dir='ltr'><em>solliciti</em></span> <span class='ocrx_word' id='word_1_347' title='bbox 709 2250 875 2289; x_wconf 86' lang='lat' dir='ltr'><em>pastores</em></span> <span class='ocrx_word' id='word_1_348' title='bbox 900 2243 1110 2278; x_wconf 86' lang='lat' dir='ltr'><em>insidiantes</em></span> <span class='ocrx_word' id='word_1_349' title='bbox 1129 2244 1229 2287; x_wconf 86' lang='lat' dir='ltr'><em>lupos</em></span> <span class='ocrx_word' id='word_1_350' title='bbox 1251 2241 1416 2287; x_wconf 73' lang='lat' dir='ltr'><em>yreqibus</em></span> <span class='ocrx_word' id='word_1_351' title='bbox 1435 2239 1568 2274; x_wconf 76' lang='lat' dir='ltr'><em>Christi</em></span> <span class='ocrx_word' id='word_1_352' title='bbox 1593 2239 1805 2274; x_wconf 85' lang='lat' dir='ltr'><em>clamoribus</em></span> 
     </span>
     <span class='ocr_line' id='line_1_43' title="bbox 315 2288 1806 2338; baseline -0.005 -10"><span class='ocrx_word' id='word_1_353' title='bbox 315 2295 423 2329; x_wconf 87' lang='lat' dir='ltr'><em>simul</em></span> <span class='ocrx_word' id='word_1_354' title='bbox 445 2294 798 2338; x_wconf 83' lang='lat' dir='ltr'><em>insectationibusque</em></span> <span class='ocrx_word' id='word_1_355' title='bbox 823 2294 1002 2337; x_wconf 86' lang='lat' dir='ltr'><em>repellere,</em></span> <span class='ocrx_word' id='word_1_356' title='bbox 1030 2292 1276 2326; x_wconf 86' lang='lat' dir='ltr'><em>commonendo</em></span> <span class='ocrx_word' id='word_1_357' title='bbox 1293 2291 1444 2334; x_wconf 85' lang='lat' dir='ltr'><em>fratres,</em></span> <span class='ocrx_word' id='word_1_358' title='bbox 1469 2289 1689 2328; x_wconf 86' lang='lat' dir='ltr'><em>instruendo,</em></span> <span class='ocrx_word' id='word_1_359' title='bbox 1721 2288 1806 2321; x_wconf 82' lang='lat' dir='ltr'><em>scri-</em></span> 
     </span>
     <span class='ocr_line' id='line_1_44' title="bbox 316 2337 1805 2388; baseline -0.006 -10"><span class='ocrx_word' id='word_1_360' title='bbox 316 2344 427 2378; x_wconf 91' lang='lat' dir='ltr'><em>bendo</em></span> <span class='ocrx_word' id='word_1_361' title='bbox 463 2344 568 2377; x_wconf 88' lang='lat' dir='ltr'><em>etiam</em></span> <span class='ocrx_word' id='word_1_362' title='bbox 602 2344 700 2388; x_wconf 76' lang='lat' dir='ltr'><em>lonqe</em></span> <span class='ocrx_word' id='word_1_363' title='bbox 719 2341 859 2387; x_wconf 79' lang='lat' dir='ltr'><em>positis,</em></span> <span class='ocrx_word' id='word_1_364' title='bbox 885 2341 991 2385; x_wconf 84' lang='lat' dir='ltr'><em>ipsos,</em></span> <span class='ocrx_word' id='word_1_365' title='bbox 1026 2341 1139 2375; x_wconf 88' lang='lat' dir='ltr'><em>sicubi</em></span> <span class='ocrx_word' id='word_1_366' title='bbox 1163 2352 1281 2374; x_wconf 90' lang='lat' dir='ltr'><em>coram</em></span> <span class='ocrx_word' id='word_1_367' title='bbox 1307 2338 1626 2382; x_wconf 78' lang='lat' dir='ltr'><em>deprehendissent,</em></span> <span class='ocrx_word' id='word_1_368' title='bbox 1651 2337 1690 2370; x_wconf 84' lang='lat' dir='ltr'><em>in</em></span> <span class='ocrx_word' id='word_1_369' title='bbox 1716 2348 1805 2370; x_wconf 87' lang='lat' dir='ltr'><em>com-</em></span> 
     </span>
     <span class='ocr_line' id='line_1_45' title="bbox 315 2385 1804 2437; baseline -0.005 -12"><span class='ocrx_word' id='word_1_370' title='bbox 315 2393 416 2426; x_wconf 89' lang='lat' dir='ltr'><em>muni</em></span> <span class='ocrx_word' id='word_1_371' title='bbox 445 2393 675 2437; x_wconf 74' lang='lat' dir='ltr'><em>peruryendo</em></span> <span class='ocrx_word' id='word_1_372' title='bbox 714 2397 746 2426; x_wconf 90' lang='lat' dir='ltr'><em>et</em></span> <span class='ocrx_word' id='word_1_373' title='bbox 781 2391 966 2425; x_wconf 83' lang='lat' dir='ltr'><em>verborum</em></span> <span class='ocrx_word' id='word_1_374' title='bbox 1005 2390 1193 2424; x_wconf 87' lang='lat' dir='ltr'><em>luctamine</em></span> <span class='ocrx_word' id='word_1_375' title='bbox 1226 2401 1267 2422; x_wconf 87' lang='lat' dir='ltr'><em>ao</em></span> <span class='ocrx_word' id='word_1_376' title='bbox 1300 2386 1580 2430; x_wconf 83' lang='lat' dir='ltr'><em>disputationum</em></span> <span class='ocrx_word' id='word_1_377' title='bbox 1617 2385 1804 2419; x_wconf 86' lang='lat' dir='ltr'><em>certamine</em></span> 
     </span>
     <span class='ocr_line' id='line_1_46' title="bbox 309 2435 1805 2484; baseline -0.006 -9"><span class='ocrx_word' id='word_1_378' title='bbox 309 2442 578 2484; x_wconf 86' lang='lat' dir='ltr'><em>prosternendo,</em></span> <span class='ocrx_word' id='word_1_379' title='bbox 614 2440 678 2474; x_wconf 86' lang='lat' dir='ltr'><em>alii</em></span> <span class='ocrx_word' id='word_1_380' title='bbox 710 2442 814 2475; x_wconf 88' lang='lat' dir='ltr'><em>etiam</em></span> <span class='ocrx_word' id='word_1_381' title='bbox 843 2439 996 2483; x_wconf 87' lang='lat' dir='ltr'><em>posteris</em></span> <span class='ocrx_word' id='word_1_382' title='bbox 1031 2435 1253 2479; x_wconf 84' lang='lat' dir='ltr'><em>consulendo,</em></span> <span class='ocrx_word' id='word_1_383' title='bbox 1280 2436 1500 2480; x_wconf 82' lang='lat' dir='ltr'><em>quaestiones</em></span> <span class='ocrx_word' id='word_1_384' title='bbox 1526 2446 1645 2468; x_wconf 87' lang='lat' dir='ltr'><em>eorum</em></span> <span class='ocrx_word' id='word_1_385' title='bbox 1671 2438 1702 2468; x_wconf 89' lang='lat' dir='ltr'><em>et</em></span> <span class='ocrx_word' id='word_1_386' title='bbox 1723 2446 1805 2477; x_wconf 86' lang='lat' dir='ltr'><em>per-</em></span> 
     </span>
     <span class='ocr_line' id='line_1_47' title="bbox 315 2479 1807 2543; baseline -0.005 -13"><span class='ocrx_word' id='word_1_387' title='bbox 315 2507 436 2543; x_wconf 56' lang='lat' dir='ltr'><em>versas</em></span> <span class='ocrx_word' id='word_1_388' title='bbox 455 2495 659 2529; x_wconf 83' lang='lat' dir='ltr'><em>obiectiones</em></span> <span class='ocrx_word' id='word_1_389' title='bbox 679 2495 782 2530; x_wconf 88' lang='lat' dir='ltr'><em>editis</em></span> <span class='ocrx_word' id='word_1_390' title='bbox 804 2494 1058 2528; x_wconf 64' lang='lat' dir='ltr'><em>commentariis</em></span> <span class='ocrx_word' id='word_1_391' title='bbox 1080 2493 1309 2536; x_wconf 87' lang='lat' dir='ltr'><em>confutando.</em></span> <span class='ocrx_word' id='word_1_392' title='bbox 1347 2480 1463 2523; x_wconf 81' lang='lat' dir='ltr'><em>Hinc</em></span> <span class='ocrx_word' id='word_1_393' title='bbox 1485 2479 1614 2521; x_wconf 79' lang='lat' dir='ltr'><em>etiam</em></span> <span class='ocrx_word' id='word_1_394' title='bbox 1635 2485 1807 2522; x_wconf 75' lang='lat' dir='ltr'><em>sanetus</em></span> 
     </span>
    </p>
   </div>
   <div class='ocr_carea' id='block_1_6' title="bbox 315 2540 1806 2713">
    <p class='ocr_par' dir='ltr' id='par_1_8' title="bbox 315 2540 1806 2713">
     <span class='ocr_line' id='line_1_48' title="bbox 315 2540 1806 2596; baseline -0.002 -14"><span class='ocrx_word' id='word_1_395' title='bbox 315 2540 404 2582; x_wconf 84' lang='lat' dir='ltr'><em>Leo</em></span> <span class='ocrx_word' id='word_1_396' title='bbox 441 2547 602 2596; x_wconf 57' lang='lat' dir='ltr'><em>papa-3:</em></span> <span class='ocrx_word' id='word_1_397' title='bbox 634 2551 717 2584; x_wconf 90' lang='lat' dir='ltr'><em>Non</em></span> <span class='ocrx_word' id='word_1_398' title='bbox 743 2556 802 2592; x_wconf 88' lang='lat' dir='ltr'><em>est,</em></span> <span class='ocrx_word' id='word_1_399' title='bbox 828 2540 982 2595; x_wconf 81' lang='lat' dir='ltr'><em>inquit,</em></span> <span class='ocrx_word' id='word_1_400' title='bbox 1011 2548 1151 2582; x_wconf 88' lang='lat' dir='ltr'><em>omnino</em></span> <span class='ocrx_word' id='word_1_401' title='bbox 1164 2547 1370 2591; x_wconf 87' lang='lat' dir='ltr'><em>ferendum,</em></span> <span class='ocrx_word' id='word_1_402' title='bbox 1403 2543 1495 2580; x_wconf 79' lang='lat' dir='ltr'><em>sed‘1</em></span> <span class='ocrx_word' id='word_1_403' title='bbox 1514 2545 1684 2590; x_wconf 81' lang='lat' dir='ltr'><em>profanis</em></span> <span class='ocrx_word' id='word_1_404' title='bbox 1710 2557 1806 2580; x_wconf 80' lang='lat' dir='ltr'><em>erro-</em></span> 
     </span>
     <span class='ocr_line' id='line_1_49' title="bbox 317 2674 1723 2713; baseline -0.004 -8"><span class='ocrx_word' id='word_1_405' title='bbox 317 2678 348 2713; x_wconf 84' lang='lat' dir='ltr'><em>s.)</em></span> <span class='ocrx_word' id='word_1_406' title='bbox 371 2680 413 2705; x_wconf 82' lang='lat' dir='ltr'><em>ita</em></span> <span class='ocrx_word' id='word_1_407' title='bbox 435 2679 564 2712; x_wconf 82' lang='lat' dir='ltr'><em>Bened.,·</em></span> <span class='ocrx_word' id='word_1_408' title='bbox 583 2679 665 2711; x_wconf 79' lang='lat' dir='ltr'><em>quod</em></span> <span class='ocrx_word' id='word_1_409' title='bbox 687 2679 727 2705; x_wconf 84' lang='lat' dir='ltr'><em>sit</em></span> <span class='ocrx_word' id='word_1_410' title='bbox 749 2681 777 2705; x_wconf 85' lang='grc'><em>1.</em></span> <span class='ocrx_word' id='word_1_411' title='bbox 857 2677 890 2712; x_wconf 87' lang='lat' dir='ltr'><em>b)</em></span> <span class='ocrx_word' id='word_1_412' title='bbox 912 2680 946 2704; x_wconf 81' lang='lat' dir='ltr'><em>ut</em></span> <span class='ocrx_word' id='word_1_413' title='bbox 968 2679 994 2704; x_wconf 88' lang='lat'><em>1.</em></span> <span class='ocrx_word' id='word_1_414' title='bbox 1076 2674 1103 2710; x_wconf 86' lang='lat' dir='ltr'><em>c)</em></span> <span class='ocrx_word' id='word_1_415' title='bbox 1127 2676 1366 2703; x_wconf 71' lang='lat' dir='ltr'><em>aemulationem</em></span> <span class='ocrx_word' id='word_1_416' title='bbox 1394 2675 1474 2708; x_wconf 74' lang='lat' dir='ltr'><em>Vulq.</em></span> <span class='ocrx_word' id='word_1_417' title='bbox 1555 2674 1588 2710; x_wconf 84' lang='lat' dir='ltr'><em>d)</em></span> <span class='ocrx_word' id='word_1_418' title='bbox 1609 2675 1636 2701; x_wconf 85' lang='lat' dir='ltr'><em>si</em></span> <span class='ocrx_word' id='word_1_419' title='bbox 1655 2675 1723 2701; x_wconf 83' lang='lat' dir='ltr'><em>Leo.</em></span> 
     </span>
    </p>
   </div>
   <div class='ocr_carea' id='block_1_7' title="bbox 322 2792 1807 2842">
    <p class='ocr_par' dir='ltr' id='par_1_9' title="bbox 322 2792 1807 2842">
     <span class='ocr_line' id='line_1_50' title="bbox 322 2792 1807 2842; baseline -0.003 -12"><span class='ocrx_word' id='word_1_420' title='bbox 322 2797 358 2842; x_wconf 94' lang='lat'><em>1)</em></span> <span class='ocrx_word' id='word_1_421' title='bbox 385 2797 518 2832; x_wconf 87' lang='lat' dir='ltr'><em>Bened.</em></span> <span class='ocrx_word' id='word_1_422' title='bbox 545 2798 635 2841; x_wconf 86' lang='lat' dir='ltr'><em>Reg.</em></span> <span class='ocrx_word' id='word_1_423' title='bbox 662 2809 692 2831; x_wconf 87' lang='lat' dir='ltr'><em>c.</em></span> <span class='ocrx_word' id='word_1_424' title='bbox 722 2797 754 2832; x_wconf 85' lang='lat'><em>2.</em></span> <span class='ocrx_word' id='word_1_425' title='bbox 856 2797 892 2839; x_wconf 79' lang='grc'><em>2)</em></span> <span class='ocrx_word' id='word_1_426' title='bbox 919 2797 1055 2830; x_wconf 89' lang='lat' dir='ltr'><em>Locum</em></span> <span class='ocrx_word' id='word_1_427' title='bbox 1081 2807 1152 2830; x_wconf 89' lang='lat' dir='ltr'><em>non</em></span> <span class='ocrx_word' id='word_1_428' title='bbox 1177 2797 1310 2829; x_wconf 88' lang='lat' dir='ltr'><em>inveni.</em></span> <span class='ocrx_word' id='word_1_429' title='bbox 1411 2793 1450 2837; x_wconf 83' lang='lat'><em>3)</em></span> <span class='ocrx_word' id='word_1_430' title='bbox 1477 2794 1578 2828; x_wconf 79' lang='lat' dir='ltr'><em>cass.</em></span> <span class='ocrx_word' id='word_1_431' title='bbox 1604 2793 1665 2827; x_wconf 87' lang='lat' dir='ltr'><em>lib.</em></span> <span class='ocrx_word' id='word_1_432' title='bbox 1683 2793 1736 2828; x_wconf 90' lang='lat'><em>11.</em></span> <span class='ocrx_word' id='word_1_433' title='bbox 1762 2792 1807 2826; x_wconf 84' lang='lat' dir='ltr'><em>de</em></span> 
     </span>
    </p>
   </div>
   <div class='ocr_carea' id='block_1_8' title="bbox 320 2841 1878 2890">
    <p class='ocr_par' dir='ltr' id='par_1_10' title="bbox 320 2841 1878 2890">
     <span class='ocr_line' id='line_1_51' title="bbox 320 2841 1878 2890; baseline -0.004 -10"><span class='ocrx_word' id='word_1_434' title='bbox 320 2848 492 2881; x_wconf 81' lang='lat' dir='ltr'><em>canonico</em></span> <span class='ocrx_word' id='word_1_435' title='bbox 518 2851 678 2881; x_wconf 85' lang='lat' dir='ltr'><em>nocturn.</em></span> <span class='ocrx_word' id='word_1_436' title='bbox 706 2848 855 2880; x_wconf 80' lang='lat' dir='ltr'><em>oration.</em></span> <span class='ocrx_word' id='word_1_437' title='bbox 882 2850 918 2880; x_wconf 89' lang='lat' dir='ltr'><em>et</em></span> <span class='ocrx_word' id='word_1_438' title='bbox 938 2846 1105 2890; x_wconf 66' lang='lat' dir='ltr'><em>psalmon</em></span> <span class='ocrx_word' id='word_1_439' title='bbox 1134 2846 1239 2878; x_wconf 88' lang='lat' dir='ltr'><em>modo</em></span> <span class='ocrx_word' id='word_1_440' title='bbox 1267 2855 1297 2879; x_wconf 88' lang='lat' dir='ltr'><em>c.</em></span> <span class='ocrx_word' id='word_1_441' title='bbox 1317 2844 1350 2878; x_wconf 82' lang='grc'><em>2.</em></span> <span class='ocrx_word' id='word_1_442' title='bbox 1377 2844 1443 2882; x_wconf 58' lang='grc'><em>3..</em></span> <span class='ocrx_word' id='word_1_443' title='bbox 1511 2841 1551 2886; x_wconf 85' lang='grc'><em>4)</em></span> <span class='ocrx_word' id='word_1_444' title='bbox 1578 2841 1632 2876; x_wconf 81' lang='lat' dir='ltr'><em>cf.</em></span> <span class='ocrx_word' id='word_1_445' title='bbox 1659 2841 1808 2876; x_wconf 78' lang='lat' dir='ltr'><em>Eusebii</em></span> <span class='ocrx_word' id='word_1_446' title='bbox 1864 2871 1878 2879; x_wconf 32' lang='grc' dir='ltr'><em>κ</em></span> 
     </span>
    </p>
   </div>
   <div class='ocr_carea' id='block_1_9' title="bbox 318 2889 1807 2990">
    <p class='ocr_par' dir='ltr' id='par_1_11' title="bbox 318 2889 1807 2990">
     <span class='ocr_line' id='line_1_52' title="bbox 318 2889 1807 2979; baseline -0.004 -49"><span class='ocrx_word' id='word_1_447' title='bbox 318 2896 531 2979; x_wconf 54' lang='lat' dir='ltr'><em>Hisgbgccl.</em></span> <span class='ocrx_word' id='word_1_448' title='bbox 559 2897 622 2936; x_wconf 90' lang='lat' dir='ltr'><em>IV,</em></span> <span class='ocrx_word' id='word_1_449' title='bbox 643 2896 700 2929; x_wconf 86' lang='grc'><em>22.</em></span> <span class='ocrx_word' id='word_1_450' title='bbox 723 2896 782 2929; x_wconf 84' lang='grc'><em>23.</em></span> <span class='ocrx_word' id='word_1_451' title='bbox 859 2896 896 2938; x_wconf 83' lang='grc'><em>5)</em></span> <span class='ocrx_word' id='word_1_452' title='bbox 922 2896 1080 2929; x_wconf 82' lang='lat' dir='ltr'><em>Decreta</em></span> <span class='ocrx_word' id='word_1_453' title='bbox 1105 2895 1238 2928; x_wconf 84' lang='lat' dir='ltr'><em>Leonis</em></span> <span class='ocrx_word' id='word_1_454' title='bbox 1263 2895 1310 2927; x_wconf 79' lang='lat' dir='ltr'><em>ad</em></span> <span class='ocrx_word' id='word_1_455' title='bbox 1335 2892 1531 2933; x_wconf 89' lang='lat' dir='ltr'><em>Turibium,</em></span> <span class='ocrx_word' id='word_1_456' title='bbox 1556 2889 1705 2925; x_wconf 84' lang='lat' dir='ltr'><em>Hinsch.</em></span> <span class='ocrx_word' id='word_1_457' title='bbox 1732 2890 1757 2925; x_wconf 90' lang='lat' dir='ltr'><em>l.</em></span> <span class='ocrx_word' id='word_1_458' title='bbox 1776 2901 1807 2924; x_wconf 86' lang='lat' dir='ltr'><em>c.</em></span> 
     </span>
     <span class='ocr_line' id='line_1_53' title="bbox 318 2957 464 2990; baseline -0.007 -11"><span class='ocrx_word' id='word_1_459' title='bbox 318 2957 354 2990; x_wconf 88' lang='lat' dir='ltr'><em>p.</em></span> <span class='ocrx_word' id='word_1_460' title='bbox 456 2971 464 2978; x_wconf 92' lang='lat'><strong><em>.</em></strong></span> 
     </span>
    </p>
   </div>
  </div>
 </body>
</html>
