<?xml version="1.0" encoding="UTF-8"?>
<!DOCTYPE html PUBLIC "-//W3C//DTD XHTML 1.0 Transitional//EN"
    "http://www.w3.org/TR/xhtml1/DTD/xhtml1-transitional.dtd">
<html xmlns="http://www.w3.org/1999/xhtml" xml:lang="en" lang="en">
 <head>
  <title>
</title>
<meta http-equiv="Content-Type" content="text/html;charset=utf-8" />
  <meta name='ocr-system' content='tesseract 3.04.00' />
  <meta name='ocr-capabilities' content='ocr_page ocr_carea ocr_par ocr_line ocrx_word'/>
</head>
<body>
  <div class='ocr_page' id='page_1' title='image "./waltramiutvidetu00walruoft_0017.png"; bbox 0 0 1878 3308; ppageno 0'>
   <div class='ocr_carea' id='block_1_1' title="bbox 707 230 1603 267">
    <p class='ocr_par' dir='ltr' id='par_1_1' title="bbox 707 230 1603 267">
     <span class='ocr_line' id='line_1_1' title="bbox 707 230 1603 267; baseline 0.004 -4"><span class='ocrx_word' id='word_1_1' title='bbox 707 230 995 266; x_wconf 75' lang='lat' dir='ltr'>PRAEFATIO.</span> <span class='ocrx_word' id='word_1_2' title='bbox 1508 234 1603 267; x_wconf 86' lang='lat' dir='ltr'>XIII</span> 
     </span>
    </p>
   </div>
   <div class='ocr_carea' id='block_1_2' title="bbox 37 340 1629 2802">
    <p class='ocr_par' dir='ltr' id='par_1_2' title="bbox 37 340 1629 1730">
     <span class='ocr_line' id='line_1_2' title="bbox 189 340 1604 399; baseline 0.002 -15"><span class='ocrx_word' id='word_1_3' title='bbox 189 341 202 355; x_wconf 82' lang='lat'><strong>‘</strong></span> <span class='ocrx_word' id='word_1_4' title='bbox 262 342 275 353; x_wconf 73' lang='lat'>⁶</span> <span class='ocrx_word' id='word_1_5' title='bbox 377 347 600 399; x_wconf 82' lang='lat' dir='ltr'><strong><em>putemus.</em></strong></span> <span class='ocrx_word' id='word_1_6' title='bbox 669 342 724 385; x_wconf 79' lang='lat' dir='ltr'><strong><em>Si</em></strong></span> <span class='ocrx_word' id='word_1_7' title='bbox 758 342 970 396; x_wconf 86' lang='lat' dir='ltr'><strong><em>volumus,</em></strong></span> <span class='ocrx_word' id='word_1_8' title='bbox 1005 340 1130 384; x_wconf 82' lang='lat' dir='ltr'><strong><em>illum</em></strong></span> <span class='ocrx_word' id='word_1_9' title='bbox 1173 343 1431 386; x_wconf 78' lang='lat' dir='ltr'><strong><em>monachum</em></strong></span> <span class='ocrx_word' id='word_1_10' title='bbox 1472 345 1604 387; x_wconf 87' lang='lat' dir='ltr'><strong><em>Hers-</em></strong></span> 
     </span>
     <span class='ocr_line' id='line_1_3' title="bbox 345 397 1603 456; baseline 0.002 -16"><span class='ocrx_word' id='word_1_11' title='bbox 345 429 360 452; x_wconf 90' lang='lat'>‚</span> <span class='ocrx_word' id='word_1_12' title='bbox 389 398 469 455; x_wconf 80' lang='lat' dir='ltr'><strong><em>qui</em></strong></span> <span class='ocrx_word' id='word_1_13' title='bbox 496 399 678 454; x_wconf 79' lang='lat' dir='ltr'><strong><em>scripsit</em></strong></span> <span class='ocrx_word' id='word_1_14' title='bbox 703 398 863 441; x_wconf 87' lang='lat' dir='ltr'><strong><em>librum</em></strong></span> <span class='ocrx_word' id='word_1_15' title='bbox 892 403 1103 450; x_wconf 83' lang='lat' dir='ltr'><strong><em>nostrum,</em></strong></span> <span class='ocrx_word' id='word_1_16' title='bbox 1140 397 1426 441; x_wconf 83' lang='lat' dir='ltr'><strong><em>Waltramum</em></strong></span> <span class='ocrx_word' id='word_1_17' title='bbox 1440 400 1603 456; x_wconf 78' lang='lat' dir='ltr'><strong><em>fuisse,</em></strong></span> 
     </span>
     <span class='ocr_line' id='line_1_4' title="bbox 106 454 1603 508; baseline -0.001 -9"><span class='ocrx_word' id='word_1_18' title='bbox 106 467 276 499; x_wconf 65' lang='lat' dir='ltr'><strong><em>m</em></strong></span> <span class='ocrx_word' id='word_1_19' title='bbox 313 459 376 496; x_wconf 74' lang='lat' dir='ltr'><strong><em>est</em></strong></span> <span class='ocrx_word' id='word_1_20' title='bbox 403 459 662 508; x_wconf 84' lang='lat' dir='ltr'><strong><em>statuamus,</em></strong></span> <span class='ocrx_word' id='word_1_21' title='bbox 690 469 787 497; x_wconf 85' lang='lat' dir='ltr'><strong><em>eum</em></strong></span> <span class='ocrx_word' id='word_1_22' title='bbox 827 455 887 496; x_wconf 89' lang='lat' dir='ltr'><strong><em>im</em></strong></span> <span class='ocrx_word' id='word_1_23' title='bbox 919 454 1088 496; x_wconf 84' lang='lat' dir='ltr'><strong><em>eratori</em></strong></span> <span class='ocrx_word' id='word_1_24' title='bbox 1126 454 1319 498; x_wconf 86' lang='lat' dir='ltr'><strong><em>Henrico</em></strong></span> <span class='ocrx_word' id='word_1_25' title='bbox 1358 457 1450 498; x_wconf 90' lang='lat' dir='ltr'><strong><em>iam</em></strong></span> <span class='ocrx_word' id='word_1_26' title='bbox 1486 463 1603 499; x_wconf 87' lang='lat' dir='ltr'><strong><em>ante-</em></strong></span> 
     </span>
     <span class='ocr_line' id='line_1_5' title="bbox 336 509 1629 570; baseline 0.002 -18"><span class='ocrx_word' id='word_1_27' title='bbox 336 510 348 520; x_wconf 85' lang='lat'>&#39;</span> <span class='ocrx_word' id='word_1_28' title='bbox 368 524 506 566; x_wconf 87' lang='lat' dir='ltr'><strong><em>copus</em></strong></span> <span class='ocrx_word' id='word_1_29' title='bbox 524 509 653 564; x_wconf 82' lang='lat' dir='ltr'><strong><em>fieret</em></strong></span> <span class='ocrx_word' id='word_1_30' title='bbox 682 517 827 553; x_wconf 85' lang='lat' dir='ltr'><strong><em>notum</em></strong></span> <span class='ocrx_word' id='word_1_31' title='bbox 881 512 1012 553; x_wconf 83' lang='lat' dir='ltr'><strong><em>uisse.</em></strong></span> <span class='ocrx_word' id='word_1_32' title='bbox 1061 510 1330 567; x_wconf 74' lang='lat' dir='ltr'><strong><em>Hartviqum</em></strong></span> <span class='ocrx_word' id='word_1_33' title='bbox 1357 511 1482 554; x_wconf 70' lang='lat' dir='ltr'><strong><em>illum</em></strong></span> <span class='ocrx_word' id='word_1_34' title='bbox 1511 514 1629 570; x_wconf 31' lang='lat' dir='ltr'><strong><em>qui-⁷</em></strong></span> 
     </span>
     <span class='ocr_line' id='line_1_6' title="bbox 457 565 1601 624; baseline 0.002 -16"><span class='ocrx_word' id='word_1_35' title='bbox 457 565 811 609; x_wconf 82' lang='lat' dir='ltr'><strong><em>Hersveldensem</em></strong></span> <span class='ocrx_word' id='word_1_36' title='bbox 847 581 944 609; x_wconf 85' lang='lat' dir='ltr'><strong><em>cum</em></strong></span> <span class='ocrx_word' id='word_1_37' title='bbox 971 567 1236 621; x_wconf 80' lang='lat' dir='ltr'><strong><em>imperatore</em></strong></span> <span class='ocrx_word' id='word_1_38' title='bbox 1265 569 1464 611; x_wconf 84' lang='lat' dir='ltr'><strong><em>amicitia</em></strong></span> <span class='ocrx_word' id='word_1_39' title='bbox 1493 584 1601 624; x_wconf 83' lang='lat' dir='ltr'><strong><em>qua-</em></strong></span> 
     </span>
     <span class='ocr_line' id='line_1_7' title="bbox 37 621 1603 678; baseline 0.003 -16"><span class='ocrx_word' id='word_1_40' title='bbox 37 654 45 662; x_wconf 86' lang='lat'><strong>.</strong></span> <span class='ocrx_word' id='word_1_41' title='bbox 105 622 212 666; x_wconf 65' lang='lat' dir='ltr'><strong><em>dan</em></strong></span> <span class='ocrx_word' id='word_1_42' title='bbox 246 623 443 666; x_wconf 71' lang='lat' dir='ltr'><strong><em>iunctum</em></strong></span> <span class='ocrx_word' id='word_1_43' title='bbox 466 621 631 677; x_wconf 85' lang='lat' dir='ltr'><strong><em>fuisse,</em></strong></span> <span class='ocrx_word' id='word_1_44' title='bbox 668 625 762 666; x_wconf 79' lang='lat' dir='ltr'><strong><em>sine</em></strong></span> <span class='ocrx_word' id='word_1_45' title='bbox 798 621 894 664; x_wconf 80' lang='lat' dir='ltr'><strong><em>ulla</em></strong></span> <span class='ocrx_word' id='word_1_46' title='bbox 931 622 1203 665; x_wconf 77' lang='lat' dir='ltr'><strong><em>dubitatione</em></strong></span> <span class='ocrx_word' id='word_1_47' title='bbox 1232 623 1603 678; x_wconf 82' lang='lat' dir='ltr'><strong><em>confirmaverim,-</em></strong></span> 
     </span>
     <span class='ocr_line' id='line_1_8' title="bbox 105 677 1604 737; baseline 0.001 -15"><span class='ocrx_word' id='word_1_48' title='bbox 105 692 243 737; x_wconf 57' lang='grc' dir='ltr'><strong>ψ</strong></span> <span class='ocrx_word' id='word_1_49' title='bbox 269 693 371 722; x_wconf 81' lang='lat' dir='ltr'><strong><em>vero</em></strong></span> <span class='ocrx_word' id='word_1_50' title='bbox 401 677 540 720; x_wconf 86' lang='lat' dir='ltr'><strong><em>solum</em></strong></span> <span class='ocrx_word' id='word_1_51' title='bbox 568 678 775 732; x_wconf 89' lang='lat' dir='ltr'><strong><em>abbatem,</em></strong></span> <span class='ocrx_word' id='word_1_52' title='bbox 804 678 882 720; x_wconf 87' lang='lat' dir='ltr'><strong><em>sed</em></strong></span> <span class='ocrx_word' id='word_1_53' title='bbox 895 678 1115 733; x_wconf 83' lang='lat' dir='ltr'><strong><em>plurimos</em></strong></span> <span class='ocrx_word' id='word_1_54' title='bbox 1141 680 1452 723; x_wconf 78' lang='lat' dir='ltr'><strong><em>monachorum</em></strong></span> <span class='ocrx_word' id='word_1_55' title='bbox 1481 681 1604 723; x_wconf 73' lang='lat' dir='ltr'><strong><em>illius</em></strong></span> 
     </span>
     <span class='ocr_line' id='line_1_9' title="bbox 105 734 1603 792; baseline 0 -13"><span class='ocrx_word' id='word_1_56' title='bbox 105 734 306 779; x_wconf 74' lang='lat' dir='ltr'><strong><em>coenobii</em></strong></span> <span class='ocrx_word' id='word_1_57' title='bbox 338 736 599 791; x_wconf 83' lang='lat' dir='ltr'><strong><em>imperatori</em></strong></span> <span class='ocrx_word' id='word_1_58' title='bbox 635 740 715 777; x_wconf 88' lang='lat' dir='ltr'><strong><em>aut</em></strong></span> <span class='ocrx_word' id='word_1_59' title='bbox 752 734 903 776; x_wconf 82' lang='lat' dir='ltr'><strong><em>saltem</em></strong></span> <span class='ocrx_word' id='word_1_60' title='bbox 939 735 1122 791; x_wconf 76' lang='lat' dir='ltr'><strong><em>coniuqi</em></strong></span> <span class='ocrx_word' id='word_1_61' title='bbox 1157 735 1252 777; x_wconf 76' lang='lat' dir='ltr'><strong><em>eius</em></strong></span> <span class='ocrx_word' id='word_1_62' title='bbox 1290 742 1413 779; x_wconf 86' lang='lat' dir='ltr'><strong><em>notos</em></strong></span> <span class='ocrx_word' id='word_1_63' title='bbox 1438 735 1603 792; x_wconf 83' lang='lat' dir='ltr'><strong><em>fuisse,</em></strong></span> 
     </span>
     <span class='ocr_line' id='line_1_10' title="bbox 106 790 1603 849; baseline 0.001 -15"><span class='ocrx_word' id='word_1_64' title='bbox 106 791 214 834; x_wconf 72' lang='lat' dir='ltr'><strong><em>inde</em></strong></span> <span class='ocrx_word' id='word_1_65' title='bbox 243 806 272 833; x_wconf 88' lang='lat' dir='ltr'><strong><em>a</em></strong></span> <span class='ocrx_word' id='word_1_66' title='bbox 339 795 446 844; x_wconf 84' lang='lat' dir='ltr'><strong><em>aret,</em></strong></span> <span class='ocrx_word' id='word_1_67' title='bbox 504 791 593 832; x_wconf 90' lang='lat' dir='ltr'><strong><em>uod</em></strong></span> <span class='ocrx_word' id='word_1_68' title='bbox 621 790 902 832; x_wconf 86' lang='lat' dir='ltr'><strong><em>Lambertus¹</em></strong></span> <span class='ocrx_word' id='word_1_69' title='bbox 943 797 1117 843; x_wconf 83' lang='lat' dir='ltr'><strong><em>narrat,</em></strong></span> <span class='ocrx_word' id='word_1_70' title='bbox 1153 791 1364 833; x_wconf 77' lang='lat' dir='ltr'><strong><em>Bertham</em></strong></span> <span class='ocrx_word' id='word_1_71' title='bbox 1399 794 1603 849; x_wconf 74' lang='lat' dir='ltr'><strong><em>reqinam</em></strong></span> 
     </span>
     <span class='ocr_line' id='line_1_11' title="bbox 104 845 1605 904; baseline 0 -14"><span class='ocrx_word' id='word_1_72' title='bbox 104 846 257 904; x_wconf 70' lang='lat' dir='ltr'><strong><em>pridie</em></strong></span> <span class='ocrx_word' id='word_1_73' title='bbox 324 845 410 889; x_wconf 83' lang='lat' dir='ltr'><strong><em>dus</em></strong></span> <span class='ocrx_word' id='word_1_74' title='bbox 481 846 568 888; x_wconf 89' lang='lat' dir='ltr'><strong><em>ebr.</em></strong></span> <span class='ocrx_word' id='word_1_75' title='bbox 613 847 727 889; x_wconf 84' lang='lat' dir='ltr'><strong><em>anni</em></strong></span> <span class='ocrx_word' id='word_1_76' title='bbox 764 846 886 889; x_wconf 83' lang='lat'>1074.</span> <span class='ocrx_word' id='word_1_77' title='bbox 930 848 979 889; x_wconf 87' lang='lat' dir='ltr'><strong><em>in</em></strong></span> <span class='ocrx_word' id='word_1_78' title='bbox 1021 845 1224 889; x_wconf 87' lang='lat' dir='ltr'><strong><em>coenobio</em></strong></span> <span class='ocrx_word' id='word_1_79' title='bbox 1268 847 1605 892; x_wconf 83' lang='lat' dir='ltr'><strong><em>Herosveldensi</em></strong></span> 
     </span>
     <span class='ocr_line' id='line_1_12' title="bbox 97 901 1604 959; baseline -0.001 -13"><span class='ocrx_word' id='word_1_80' title='bbox 97 901 250 958; x_wconf 69' lang='lat' dir='ltr'><strong><em>filium</em></strong></span> <span class='ocrx_word' id='word_1_81' title='bbox 271 903 521 959; x_wconf 80' lang='lat' dir='ltr'><strong><em>peperisse,·</em></strong></span> <span class='ocrx_word' id='word_1_82' title='bbox 551 917 674 959; x_wconf 76' lang='lat' dir='ltr'><strong><em>quem</em></strong></span> <span class='ocrx_word' id='word_1_83' title='bbox 694 903 965 959; x_wconf 86' lang='lat' dir='ltr'><strong><em>baptizatum</em></strong></span> <span class='ocrx_word' id='word_1_84' title='bbox 993 918 1082 945; x_wconf 88' lang='lat' dir='ltr'><strong><em>esse</em></strong></span> <span class='ocrx_word' id='word_1_85' title='bbox 1113 903 1167 945; x_wconf 89' lang='lat' dir='ltr'><strong><em>ab</em></strong></span> <span class='ocrx_word' id='word_1_86' title='bbox 1187 903 1355 946; x_wconf 81' lang='lat' dir='ltr'><strong><em>E&#39;zzone</em></strong></span> <span class='ocrx_word' id='word_1_87' title='bbox 1374 903 1604 947; x_wconf 86' lang='lat' dir='ltr'><strong><em>Altenbur-</em></strong></span> 
     </span>
     <span class='ocr_line' id='line_1_13' title="bbox 140 958 1604 1016; baseline 0.001 -14"><span class='ocrx_word' id='word_1_88' title='bbox 140 959 238 1002; x_wconf 70' lang='lat' dir='ltr'><strong><em>ensi</em></strong></span> <span class='ocrx_word' id='word_1_89' title='bbox 278 973 301 1001; x_wconf 83' lang='lat' dir='ltr'><strong><em>e</em></strong></span> <span class='ocrx_word' id='word_1_90' title='bbox 342 960 484 1014; x_wconf 84' lang='lat' dir='ltr'><strong><em>’scopo</em></strong></span> <span class='ocrx_word' id='word_1_91' title='bbox 527 964 566 1000; x_wconf 84' lang='lat' dir='ltr'><strong><em>et</em></strong></span> <span class='ocrx_word' id='word_1_92' title='bbox 609 959 664 1001; x_wconf 93' lang='lat' dir='ltr'><strong><em>ab</em></strong></span> <span class='ocrx_word' id='word_1_93' title='bbox 709 959 861 1002; x_wconf 82' lang='lat' dir='ltr'><strong><em>abbate</em></strong></span> <span class='ocrx_word' id='word_1_94' title='bbox 898 965 937 1001; x_wconf 90' lang='lat' dir='ltr'><strong><em>et</em></strong></span> <span class='ocrx_word' id='word_1_95' title='bbox 977 958 1081 1001; x_wconf 84' lang='lat' dir='ltr'><strong><em>aliis</em></strong></span> <span class='ocrx_word' id='word_1_96' title='bbox 1117 958 1346 1016; x_wconf 80' lang='lat' dir='ltr'><strong><em>plerisque</em></strong></span> <span class='ocrx_word' id='word_1_97' title='bbox 1370 961 1604 1015; x_wconf 88' lang='lat' dir='ltr'><strong><em>fratribus</em></strong></span> 
     </span>
     <span class='ocr_line' id='line_1_14' title="bbox 108 973 1603 1071; baseline 0.001 -13"><span class='ocrx_word' id='word_1_98' title='bbox 108 973 440 1058; x_wconf 49' lang='lat' dir='ltr'><strong><em>firwsbfe&#39;nsis</em></strong></span> <span class='ocrx_word' id='word_1_99' title='bbox 467 1014 660 1056; x_wconf 81' lang='lat' dir='ltr'><strong><em>coenobii</em></strong></span> <span class='ocrx_word' id='word_1_100' title='bbox 694 1015 748 1057; x_wconf 90' lang='lat' dir='ltr'><strong><em>de</em></strong></span> <span class='ocrx_word' id='word_1_101' title='bbox 787 1014 1063 1070; x_wconf 87' lang='lat' dir='ltr'><strong><em>sacrofonte</em></strong></span> <span class='ocrx_word' id='word_1_102' title='bbox 1104 1022 1351 1071; x_wconf 83' lang='lat' dir='ltr'><strong><em>susceptum</em></strong></span> <span class='ocrx_word' id='word_1_103' title='bbox 1387 1031 1489 1062; x_wconf 84' lang='lat' dir='ltr'><strong><em>esse.</em></strong></span> <span class='ocrx_word' id='word_1_104' title='bbox 1548 1017 1603 1058; x_wconf 90' lang='lat' dir='ltr'><strong><em>In</em></strong></span> 
     </span>
     <span class='ocr_line' id='line_1_15' title="bbox 106 1071 1604 1128; baseline 0 -14"><span class='ocrx_word' id='word_1_105' title='bbox 106 1085 193 1128; x_wconf 69' lang='lat' dir='ltr'><strong><em>quo</em></strong></span> <span class='ocrx_word' id='word_1_106' title='bbox 221 1085 402 1114; x_wconf 80' lang='lat' dir='ltr'><strong><em>numero</em></strong></span> <span class='ocrx_word' id='word_1_107' title='bbox 430 1071 560 1113; x_wconf 84' lang='lat' dir='ltr'><strong><em>etiam</em></strong></span> <span class='ocrx_word' id='word_1_108' title='bbox 580 1072 830 1127; x_wconf 78' lang='lat' dir='ltr'><strong><em>scriptorem</em></strong></span> <span class='ocrx_word' id='word_1_109' title='bbox 852 1071 958 1113; x_wconf 88' lang='lat' dir='ltr'><strong><em>libri</em></strong></span> <span class='ocrx_word' id='word_1_110' title='bbox 985 1073 1126 1113; x_wconf 82' lang='lat' dir='ltr'><strong><em>nostri</em></strong></span> <span class='ocrx_word' id='word_1_111' title='bbox 1140 1071 1292 1126; x_wconf 79' lang='lat' dir='ltr'><strong><em>fuisse</em></strong></span> <span class='ocrx_word' id='word_1_112' title='bbox 1323 1078 1369 1114; x_wconf 85' lang='lat' dir='ltr'><strong><em>ut</em></strong></span> <span class='ocrx_word' id='word_1_113' title='bbox 1387 1079 1604 1127; x_wconf 82' lang='lat' dir='ltr'><strong><em>putemus,</em></strong></span> 
     </span>
     <span class='ocr_line' id='line_1_16' title="bbox 106 1125 1604 1183; baseline 0 -13"><span class='ocrx_word' id='word_1_114' title='bbox 106 1125 375 1170; x_wconf 66' lang='lat' dir='ltr'><strong><em>adducimur</em></strong></span> <span class='ocrx_word' id='word_1_115' title='bbox 410 1141 473 1179; x_wconf 89' lang='lat' dir='ltr'><strong><em>eo,</em></strong></span> <span class='ocrx_word' id='word_1_116' title='bbox 517 1127 634 1182; x_wconf 81' lang='lat' dir='ltr'><strong><em>quod</em></strong></span> <span class='ocrx_word' id='word_1_117' title='bbox 677 1133 855 1181; x_wconf 78' lang='lat' dir='ltr'><strong><em>praeter</em></strong></span> <span class='ocrx_word' id='word_1_118' title='bbox 902 1133 1061 1170; x_wconf 82' lang='lat' dir='ltr'><strong><em>ceteros</em></strong></span> <span class='ocrx_word' id='word_1_119' title='bbox 1107 1128 1301 1183; x_wconf 79' lang='lat' dir='ltr'><strong><em>quadam</em></strong></span> <span class='ocrx_word' id='word_1_120' title='bbox 1347 1130 1604 1171; x_wconf 86' lang='lat' dir='ltr'><strong><em>auctoritate</em></strong></span> 
     </span>
     <span class='ocr_line' id='line_1_17' title="bbox 92 1181 1604 1239; baseline 0.001 -13"><span class='ocrx_word' id='word_1_121' title='bbox 92 1181 308 1239; x_wconf 71' lang='lat' dir='ltr'><strong><em>floruisse</em></strong></span> <span class='ocrx_word' id='word_1_122' title='bbox 348 1182 534 1225; x_wconf 81' lang='lat' dir='ltr'><strong><em>videtur.</em></strong></span> <span class='ocrx_word' id='word_1_123' title='bbox 591 1182 701 1231; x_wconf 74' lang='lat' dir='ltr'><strong><em>Nec,</em></strong></span> <span class='ocrx_word' id='word_1_124' title='bbox 729 1185 904 1226; x_wconf 86' lang='lat' dir='ltr'><strong><em>mirum.</em></strong></span> <span class='ocrx_word' id='word_1_125' title='bbox 965 1183 1055 1231; x_wconf 86' lang='lat' dir='ltr'><strong><em>Qui</em></strong></span> <span class='ocrx_word' id='word_1_126' title='bbox 1094 1185 1211 1226; x_wconf 84' lang='lat' dir='ltr'><strong><em>enim</em></strong></span> <span class='ocrx_word' id='word_1_127' title='bbox 1254 1190 1381 1226; x_wconf 88' lang='lat' dir='ltr'><strong><em>tanta</em></strong></span> <span class='ocrx_word' id='word_1_128' title='bbox 1424 1186 1519 1227; x_wconf 86' lang='lat' dir='ltr'><strong><em>acie</em></strong></span> <span class='ocrx_word' id='word_1_129' title='bbox 1565 1191 1604 1226; x_wconf 89' lang='lat' dir='ltr'><strong><em>et</em></strong></span> 
     </span>
     <span class='ocr_line' id='line_1_18' title="bbox 108 1238 1606 1305; baseline -0.001 -22"><span class='ocrx_word' id='word_1_130' title='bbox 108 1238 325 1283; x_wconf 66' lang='lat' dir='ltr'><strong><em>coles-am</em></strong></span> <span class='ocrx_word' id='word_1_131' title='bbox 351 1239 527 1295; x_wconf 76' lang='lat' dir='ltr'><strong><em>inqenii</em></strong></span> <span class='ocrx_word' id='word_1_132' title='bbox 545 1253 724 1281; x_wconf 87' lang='lat' dir='ltr'><strong><em>causam</em></strong></span> <span class='ocrx_word' id='word_1_133' title='bbox 743 1240 1023 1305; x_wconf 82' lang='lat' dir='ltr'><strong><em>imperatoris</em></strong></span> <span class='ocrx_word' id='word_1_134' title='bbox 1043 1241 1152 1296; x_wconf 75' lang='lat' dir='ltr'><strong><em>ayit,</em></strong></span> <span class='ocrx_word' id='word_1_135' title='bbox 1183 1241 1262 1296; x_wconf 81' lang='lat' dir='ltr'><strong><em>qui</em></strong></span> <span class='ocrx_word' id='word_1_136' title='bbox 1288 1246 1425 1282; x_wconf 89' lang='lat' dir='ltr'><strong><em>mente</em></strong></span> <span class='ocrx_word' id='word_1_137' title='bbox 1455 1241 1606 1282; x_wconf 83' lang='lat' dir='ltr'><strong><em>omnia</em></strong></span> 
     </span>
     <span class='ocr_line' id='line_1_19' title="bbox 94 1294 1605 1352; baseline 0 -14"><span class='ocrx_word' id='word_1_138' title='bbox 94 1294 216 1352; x_wconf 76' lang='lat' dir='ltr'><strong><em>fere&#39;</em></strong></span> <span class='ocrx_word' id='word_1_139' title='bbox 237 1295 329 1338; x_wconf 78' lang='lat' dir='ltr'><strong><em>scri</em></strong></span> <span class='ocrx_word' id='word_1_140' title='bbox 360 1301 409 1336; x_wconf 86' lang='lat' dir='ltr'><strong><em>ta</em></strong></span> <span class='ocrx_word' id='word_1_141' title='bbox 449 1299 630 1350; x_wconf 84' lang='lat' dir='ltr'><strong><em>patrum</em></strong></span> <span class='ocrx_word' id='word_1_142' title='bbox 667 1295 1056 1338; x_wconf 75' lang='lat' dir='ltr'><strong><em>ecclesiasticorum</em></strong></span> <span class='ocrx_word' id='word_1_143' title='bbox 1099 1296 1432 1351; x_wconf 78' lang='lat' dir='ltr'><strong><em>comprehendit,</em></strong></span> <span class='ocrx_word' id='word_1_144' title='bbox 1476 1297 1605 1338; x_wconf 86' lang='lat' dir='ltr'><strong><em>cuius</em></strong></span> 
     </span>
     <span class='ocr_line' id='line_1_20' title="bbox 110 1351 1602 1406; baseline -0.001 -12"><span class='ocrx_word' id='word_1_145' title='bbox 110 1351 264 1395; x_wconf 70' lang='lat' dir='ltr'><strong><em>animo</em></strong></span> <span class='ocrx_word' id='word_1_146' title='bbox 345 1356 578 1391; x_wconf 84' lang='lat' dir='ltr'><strong><em>versantur</em></strong></span> <span class='ocrx_word' id='word_1_147' title='bbox 606 1352 756 1392; x_wconf 89' lang='lat' dir='ltr'><strong><em>omnia</em></strong></span> <span class='ocrx_word' id='word_1_148' title='bbox 785 1366 933 1393; x_wconf 83' lang='lat' dir='ltr'><strong><em>eorum</em></strong></span> <span class='ocrx_word' id='word_1_149' title='bbox 962 1351 1108 1403; x_wconf 88' lang='lat' dir='ltr'><strong><em>verba,</em></strong></span> <span class='ocrx_word' id='word_1_150' title='bbox 1138 1366 1250 1406; x_wconf 81' lang='lat' dir='ltr'><strong><em>quae</em></strong></span> <span class='ocrx_word' id='word_1_151' title='bbox 1280 1352 1341 1393; x_wconf 88' lang='lat' dir='ltr'><strong><em>ad</em></strong></span> <span class='ocrx_word' id='word_1_152' title='bbox 1367 1367 1458 1393; x_wconf 90' lang='lat' dir='ltr'><strong><em>rem</em></strong></span> <span class='ocrx_word' id='word_1_153' title='bbox 1488 1352 1602 1394; x_wconf 88' lang='lat' dir='ltr'><strong><em>Hen-</em></strong></span> 
     </span>
     <span class='ocr_line' id='line_1_21' title="bbox 107 1405 1604 1462; baseline 0.001 -13"><span class='ocrx_word' id='word_1_154' title='bbox 107 1407 197 1450; x_wconf 77' lang='lat' dir='ltr'><strong><em>rici</em></strong></span> <span class='ocrx_word' id='word_1_155' title='bbox 223 1405 546 1462; x_wconf 66' lang='lat' dir='ltr'><strong><em>defendendam</em></strong></span> <span class='ocrx_word' id='word_1_156' title='bbox 567 1408 806 1460; x_wconf 75' lang='lat' dir='ltr'><strong><em>pertinent,</em></strong></span> <span class='ocrx_word' id='word_1_157' title='bbox 835 1421 930 1448; x_wconf 85' lang='lat' dir='ltr'><strong><em>eum</em></strong></span> <span class='ocrx_word' id='word_1_158' title='bbox 958 1407 1074 1449; x_wconf 85' lang='lat' dir='ltr'><strong><em>inter</em></strong></span> <span class='ocrx_word' id='word_1_159' title='bbox 1100 1408 1336 1449; x_wconf 76' lang='lat' dir='ltr'><strong><em>monachos</em></strong></span> <span class='ocrx_word' id='word_1_160' title='bbox 1365 1406 1489 1450; x_wconf 83' lang='lat' dir='ltr'><strong><em>illius</em></strong></span> <span class='ocrx_word' id='word_1_161' title='bbox 1516 1423 1604 1450; x_wconf 88' lang='lat' dir='ltr'><strong><em>coe·</em></strong></span> 
     </span>
     <span class='ocr_line' id='line_1_22' title="bbox 107 1461 1603 1517; baseline -0.002 -11"><span class='ocrx_word' id='word_1_162' title='bbox 107 1462 232 1506; x_wconf 73' lang='lat' dir='ltr'><strong><em>nobt&#39;i</em></strong></span> <span class='ocrx_word' id='word_1_163' title='bbox 314 1463 493 1517; x_wconf 82' lang='lat' dir='ltr'><strong><em>‘ncipem</em></strong></span> <span class='ocrx_word' id='word_1_164' title='bbox 514 1461 655 1504; x_wconf 86' lang='lat' dir='ltr'><strong><em>locum</em></strong></span> <span class='ocrx_word' id='word_1_165' title='bbox 674 1464 877 1514; x_wconf 83' lang='lat' dir='ltr'><strong><em>tenuisse,</em></strong></span> <span class='ocrx_word' id='word_1_166' title='bbox 898 1477 1043 1505; x_wconf 91' lang='lat' dir='ltr'><strong><em>nonne</em></strong></span> <span class='ocrx_word' id='word_1_167' title='bbox 1063 1469 1249 1505; x_wconf 86' lang='lat' dir='ltr'><strong><em>naturae</em></strong></span> <span class='ocrx_word' id='word_1_168' title='bbox 1269 1470 1603 1506; x_wconf 86' lang='lat' dir='ltr'><strong><em>consentaneum</em></strong></span> 
     </span>
     <span class='ocr_line' id='line_1_23' title="bbox 108 1476 1605 1575; baseline 0 -14"><span class='ocrx_word' id='word_1_169' title='bbox 108 1517 200 1561; x_wconf 66' lang='lat' dir='ltr'><strong><em>est?</em></strong></span> <span class='ocrx_word' id='word_1_170' title='bbox 238 1476 382 1568; x_wconf 50' lang='lat' dir='ltr'><strong><em>&amp;Cam</em></strong></span> <span class='ocrx_word' id='word_1_171' title='bbox 411 1523 607 1559; x_wconf 87' lang='lat' dir='ltr'><strong><em>nostram</em></strong></span> <span class='ocrx_word' id='word_1_172' title='bbox 636 1519 891 1560; x_wconf 86' lang='lat' dir='ltr'><strong><em>sententiam</em></strong></span> <span class='ocrx_word' id='word_1_173' title='bbox 911 1518 1052 1560; x_wconf 88' lang='lat' dir='ltr'><strong><em>verbis</em></strong></span> <span class='ocrx_word' id='word_1_174' title='bbox 1082 1519 1313 1575; x_wconf 74' lang='lat' dir='ltr'><strong><em>apoloyiae</em></strong></span> <span class='ocrx_word' id='word_1_175' title='bbox 1340 1521 1488 1575; x_wconf 83' lang='lat' dir='ltr'><strong><em>ipsius</em></strong></span> <span class='ocrx_word' id='word_1_176' title='bbox 1506 1534 1605 1561; x_wconf 91' lang='lat' dir='ltr'><strong><em>con-</em></strong></span> 
     </span>
     <span class='ocr_line' id='line_1_24' title="bbox 100 1573 1605 1630; baseline 0 -13"><span class='ocrx_word' id='word_1_177' title='bbox 100 1573 288 1630; x_wconf 72' lang='lat' dir='ltr'><strong><em>fimari</em></strong></span> <span class='ocrx_word' id='word_1_178' title='bbox 315 1574 527 1625; x_wconf 78' lang='lat' dir='ltr'><strong><em>videmus,</em></strong></span> <span class='ocrx_word' id='word_1_179' title='bbox 556 1588 654 1615; x_wconf 85' lang='lat' dir='ltr'><strong><em>cum</em></strong></span> <span class='ocrx_word' id='word_1_180' title='bbox 683 1573 881 1630; x_wconf 76' lang='lat' dir='ltr'><strong><em>leqamus</em></strong></span> <span class='ocrx_word' id='word_1_181' title='bbox 911 1574 997 1629; x_wconf 90' lang='lat' dir='ltr'><strong><em>(II,</em></strong></span> <span class='ocrx_word' id='word_1_182' title='bbox 1030 1574 1096 1616; x_wconf 90' lang='lat'><strong><em>16.</em></strong></span> <span class='ocrx_word' id='word_1_183' title='bbox 1127 1575 1220 1627; x_wconf 90' lang='lat'>31),</span> <span class='ocrx_word' id='word_1_184' title='bbox 1249 1590 1344 1617; x_wconf 89' lang='lat' dir='ltr'><strong><em>eum</em></strong></span> <span class='ocrx_word' id='word_1_185' title='bbox 1373 1591 1470 1617; x_wconf 86' lang='lat' dir='ltr'><strong><em>cum</em></strong></span> <span class='ocrx_word' id='word_1_186' title='bbox 1500 1575 1605 1617; x_wconf 83' lang='lat' dir='ltr'><strong><em>aliis</em></strong></span> 
     </span>
     <span class='ocr_line' id='line_1_25' title="bbox 110 1629 1605 1687; baseline -0.001 -14"><span class='ocrx_word' id='word_1_187' title='bbox 110 1629 174 1674; x_wconf 79' lang='lat' dir='ltr'><strong><em>ad</em></strong></span> <span class='ocrx_word' id='word_1_188' title='bbox 201 1629 523 1673; x_wconf 73' lang='lat' dir='ltr'><strong><em>Herimannum</em></strong></span> <span class='ocrx_word' id='word_1_189' title='bbox 559 1644 702 1686; x_wconf 77' lang='lat' dir='ltr'><strong><em>reqem</em></strong></span> <span class='ocrx_word' id='word_1_190' title='bbox 740 1631 918 1672; x_wconf 78' lang='lat' dir='ltr'><strong><em>missum</em></strong></span> <span class='ocrx_word' id='word_1_191' title='bbox 956 1645 1058 1682; x_wconf 85' lang='lat' dir='ltr'><strong><em>esse,</em></strong></span> <span class='ocrx_word' id='word_1_192' title='bbox 1091 1637 1140 1672; x_wconf 85' lang='lat' dir='ltr'><strong><em>ut</em></strong></span> <span class='ocrx_word' id='word_1_193' title='bbox 1168 1631 1210 1672; x_wconf 83' lang='lat' dir='ltr'><strong><em>ei</em></strong></span> <span class='ocrx_word' id='word_1_194' title='bbox 1236 1631 1520 1687; x_wconf 81' lang='lat' dir='ltr'><strong><em>supplicaret,</em></strong></span> <span class='ocrx_word' id='word_1_195' title='bbox 1550 1646 1605 1672; x_wconf 87' lang='lat' dir='ltr'><strong><em>ne</em></strong></span> 
     </span>
     <span class='ocr_line' id='line_1_26' title="bbox 109 1685 1155 1730; baseline -0.002 -1"><span class='ocrx_word' id='word_1_196' title='bbox 109 1687 324 1730; x_wconf 77' lang='lat' dir='ltr'><strong><em>soeercitus</em></strong></span> <span class='ocrx_word' id='word_1_197' title='bbox 353 1685 586 1728; x_wconf 77' lang='lat' dir='ltr'><strong><em>Saaeonum</em></strong></span> <span class='ocrx_word' id='word_1_198' title='bbox 614 1686 861 1728; x_wconf 79' lang='lat' dir='ltr'><strong><em>coenobium</em></strong></span> <span class='ocrx_word' id='word_1_199' title='bbox 896 1686 1155 1728; x_wconf 71' lang='lat' dir='ltr'><strong><em>devastaret.</em></strong></span> 
     </span>
    </p>

    <p class='ocr_par' dir='ltr' id='par_1_3' title="bbox 107 1741 1607 2802">
     <span class='ocr_line' id='line_1_27' title="bbox 220 1741 1604 1797; baseline 0 -13"><span class='ocrx_word' id='word_1_200' title='bbox 220 1741 320 1784; x_wconf 84' lang='lat' dir='ltr'><strong><em>Iam</em></strong></span> <span class='ocrx_word' id='word_1_201' title='bbox 338 1756 440 1784; x_wconf 80' lang='lat' dir='ltr'><strong><em>vero</em></strong></span> <span class='ocrx_word' id='word_1_202' title='bbox 471 1741 533 1783; x_wconf 91' lang='lat' dir='ltr'><strong><em>ad</em></strong></span> <span class='ocrx_word' id='word_1_203' title='bbox 552 1741 736 1783; x_wconf 82' lang='lat' dir='ltr'><strong><em>alteram</em></strong></span> <span class='ocrx_word' id='word_1_204' title='bbox 765 1756 947 1784; x_wconf 86' lang='lat' dir='ltr'><strong><em>causam</em></strong></span> <span class='ocrx_word' id='word_1_205' title='bbox 975 1741 1288 1797; x_wconf 70' lang='lat' dir='ltr'><strong><em>explicandam</em></strong></span> <span class='ocrx_word' id='word_1_206' title='bbox 1317 1749 1604 1785; x_wconf 83' lang='lat' dir='ltr'><strong><em>transeamus.</em></strong></span> 
     </span>
     <span class='ocr_line' id='line_1_28' title="bbox 107 1796 1605 1855; baseline -0.001 -14"><span class='ocrx_word' id='word_1_207' title='bbox 107 1798 272 1842; x_wconf 69' lang='lat' dir='ltr'><strong><em>Notum</em></strong></span> <span class='ocrx_word' id='word_1_208' title='bbox 320 1803 394 1851; x_wconf 84' lang='lat' dir='ltr'><strong><em>est,</em></strong></span> <span class='ocrx_word' id='word_1_209' title='bbox 441 1796 518 1839; x_wconf 70' lang='lat' dir='ltr'><strong><em>illo</em></strong></span> <span class='ocrx_word' id='word_1_210' title='bbox 566 1803 755 1854; x_wconf 88' lang='lat' dir='ltr'><strong><em>tempore</em></strong></span> <span class='ocrx_word' id='word_1_211' title='bbox 802 1813 900 1840; x_wconf 90' lang='lat' dir='ltr'><strong><em>cum</em></strong></span> <span class='ocrx_word' id='word_1_212' title='bbox 948 1798 1196 1855; x_wconf 77' lang='lat' dir='ltr'><strong><em>Hartviqus</em></strong></span> <span class='ocrx_word' id='word_1_213' title='bbox 1245 1798 1605 1854; x_wconf 72' lang='lat' dir='ltr'><strong><em>archiepiscopus</em></strong></span> 
     </span>
     <span class='ocr_line' id='line_1_29' title="bbox 109 1853 1605 1912; baseline -0.001 -15"><span class='ocrx_word' id='word_1_214' title='bbox 109 1853 507 1912; x_wconf 58' lang='lat' dir='ltr'><strong><em>naqadana-yemis</em></strong></span> <span class='ocrx_word' id='word_1_215' title='bbox 536 1868 634 1896; x_wconf 87' lang='lat' dir='ltr'><strong><em>eum</em></strong></span> <span class='ocrx_word' id='word_1_216' title='bbox 663 1854 936 1897; x_wconf 81' lang='lat' dir='ltr'><strong><em>Herimanno</em></strong></span> <span class='ocrx_word' id='word_1_217' title='bbox 965 1860 1004 1895; x_wconf 86' lang='lat' dir='ltr'><strong><em>et</em></strong></span> <span class='ocrx_word' id='word_1_218' title='bbox 1030 1854 1268 1896; x_wconf 87' lang='lat' dir='ltr'><strong><em>Burcardo</em></strong></span> <span class='ocrx_word' id='word_1_219' title='bbox 1297 1855 1515 1909; x_wconf 80' lang='lat' dir='ltr'><strong><em>episcopis</em></strong></span> <span class='ocrx_word' id='word_1_220' title='bbox 1545 1854 1605 1895; x_wconf 86' lang='lat' dir='ltr'><strong><em>ad</em></strong></span> 
     </span>
     <span class='ocr_line' id='line_1_30' title="bbox 109 1908 1604 1966; baseline -0.001 -14"><span class='ocrx_word' id='word_1_221' title='bbox 109 1909 269 1952; x_wconf 83' lang='lat' dir='ltr'><strong><em>Danas</em></strong></span> <span class='ocrx_word' id='word_1_222' title='bbox 288 1909 531 1966; x_wconf 72' lang='lat' dir='ltr'><strong><em>fuqissent,</em></strong></span> <span class='ocrx_word' id='word_1_223' title='bbox 569 1910 614 1950; x_wconf 81' lang='lat' dir='ltr'><strong><em>in</em></strong></span> <span class='ocrx_word' id='word_1_224' title='bbox 647 1908 786 1951; x_wconf 86' lang='lat' dir='ltr'><strong><em>locum</em></strong></span> <span class='ocrx_word' id='word_1_225' title='bbox 821 1908 995 1964; x_wconf 85' lang='lat' dir='ltr'><strong><em>depulsi</em></strong></span> <span class='ocrx_word' id='word_1_226' title='bbox 1033 1910 1087 1951; x_wconf 91' lang='lat' dir='ltr'><strong><em>ab</em></strong></span> <span class='ocrx_word' id='word_1_227' title='bbox 1125 1910 1387 1965; x_wconf 80' lang='lat' dir='ltr'><strong><em>imperatore</em></strong></span> <span class='ocrx_word' id='word_1_228' title='bbox 1421 1910 1461 1952; x_wconf 89' lang='lat'><strong><em>3.</em></strong></span> <span class='ocrx_word' id='word_1_229' title='bbox 1494 1910 1604 1951; x_wconf 79' lang='lat' dir='ltr'><strong><em>Idus</em></strong></span> 
     </span>
     <span class='ocr_line' id='line_1_31' title="bbox 112 1964 1605 2021; baseline -0.001 -13"><span class='ocrx_word' id='word_1_230' title='bbox 112 1965 256 2008; x_wconf 73' lang='lat' dir='ltr'><strong><em>Iulias</em></strong></span> <span class='ocrx_word' id='word_1_231' title='bbox 295 1966 408 2007; x_wconf 80' lang='lat' dir='ltr'><strong><em>anni</em></strong></span> <span class='ocrx_word' id='word_1_232' title='bbox 438 1964 561 2006; x_wconf 80' lang='lat'>1085.</span> <span class='ocrx_word' id='word_1_233' title='bbox 598 1965 879 2020; x_wconf 75' lang='lat' dir='ltr'><strong><em>Hartviyum,</em></strong></span> <span class='ocrx_word' id='word_1_234' title='bbox 915 1966 993 2020; x_wconf 83' lang='lat' dir='ltr'><strong><em>qui</em></strong></span> <span class='ocrx_word' id='word_1_235' title='bbox 1031 1980 1166 2021; x_wconf 85' lang='lat' dir='ltr'><strong><em>usque</em></strong></span> <span class='ocrx_word' id='word_1_236' title='bbox 1206 1966 1267 2007; x_wconf 90' lang='lat' dir='ltr'><strong><em>ad</em></strong></span> <span class='ocrx_word' id='word_1_237' title='bbox 1295 1964 1408 2007; x_wconf 79' lang='lat' dir='ltr'><strong><em>illud</em></strong></span> <span class='ocrx_word' id='word_1_238' title='bbox 1436 1971 1605 2020; x_wconf 87' lang='lat' dir='ltr'><strong><em>tempus</em></strong></span> 
     </span>
     <span class='ocr_line' id='line_1_32' title="bbox 112 2019 1605 2075; baseline -0.001 -11"><span class='ocrx_word' id='word_1_239' title='bbox 112 2020 314 2064; x_wconf 81' lang='lat' dir='ltr'><strong><em>abbatiae</em></strong></span> <span class='ocrx_word' id='word_1_240' title='bbox 352 2020 546 2062; x_wconf 80' lang='lat' dir='ltr'><strong><em>coenobii</em></strong></span> <span class='ocrx_word' id='word_1_241' title='bbox 576 2019 905 2062; x_wconf 82' lang='lat' dir='ltr'><strong><em>Hersveldensis</em></strong></span> <span class='ocrx_word' id='word_1_242' title='bbox 975 2020 1215 2075; x_wconf 73' lang='lat' dir='ltr'><strong><em>raefuerat,</em></strong></span> <span class='ocrx_word' id='word_1_243' title='bbox 1244 2019 1466 2075; x_wconf 86' lang='lat' dir='ltr'><strong><em>suffectum</em></strong></span> <span class='ocrx_word' id='word_1_244' title='bbox 1503 2035 1605 2064; x_wconf 83' lang='lat' dir='ltr'><strong><em>esse.</em></strong></span> 
     </span>
     <span class='ocr_line' id='line_1_33' title="bbox 114 2035 1603 2132; baseline -0.002 -11"><span class='ocrx_word' id='word_1_245' title='bbox 114 2076 223 2121; x_wconf 56' lang='lat' dir='ltr'><strong><em>(hm</em></strong></span> <span class='ocrx_word' id='word_1_246' title='bbox 251 2081 395 2118; x_wconf 78' lang='lat' dir='ltr'><strong><em>autem</em></strong></span> <span class='ocrx_word' id='word_1_247' title='bbox 424 2090 544 2117; x_wconf 87' lang='lat' dir='ltr'><strong><em>anno</em></strong></span> <span class='ocrx_word' id='word_1_248' title='bbox 576 2075 699 2127; x_wconf 88' lang='lat'><strong><em>1088,</em></strong></span> <span class='ocrx_word' id='word_1_249' title='bbox 727 2082 894 2118; x_wconf 83' lang='lat' dir='ltr'><strong><em>mortuo</em></strong></span> <span class='ocrx_word' id='word_1_250' title='bbox 925 2035 1160 2117; x_wconf 53' lang='lat' dir='ltr'><strong><em>ssnrcardo</em></strong></span> <span class='ocrx_word' id='word_1_251' title='bbox 1189 2077 1390 2132; x_wconf 83' lang='lat' dir='ltr'><strong><em>episcopo</em></strong></span> <span class='ocrx_word' id='word_1_252' title='bbox 1421 2076 1603 2118; x_wconf 84' lang='lat' dir='ltr'><strong><em>Halber-</em></strong></span> 
     </span>
     <span class='ocr_line' id='line_1_34' title="bbox 112 2131 1605 2187; baseline -0.001 -12"><span class='ocrx_word' id='word_1_253' title='bbox 112 2131 324 2184; x_wconf 79' lang='lat' dir='ltr'><strong><em>stadensi,</em></strong></span> <span class='ocrx_word' id='word_1_254' title='bbox 368 2131 613 2187; x_wconf 76' lang='lat' dir='ltr'><strong><em>Hartviqus</em></strong></span> <span class='ocrx_word' id='word_1_255' title='bbox 654 2131 726 2173; x_wconf 79' lang='lat' dir='ltr'><strong><em>ille</em></strong></span> <span class='ocrx_word' id='word_1_256' title='bbox 755 2131 953 2187; x_wconf 73' lang='lat' dir='ltr'><strong><em>fuqatus</em></strong></span> <span class='ocrx_word' id='word_1_257' title='bbox 995 2132 1044 2173; x_wconf 86' lang='lat' dir='ltr'><strong><em>in</em></strong></span> <span class='ocrx_word' id='word_1_258' title='bbox 1118 2133 1282 2174; x_wconf 89' lang='lat' dir='ltr'><strong><em>ratiam</em></strong></span> <span class='ocrx_word' id='word_1_259' title='bbox 1325 2133 1605 2187; x_wconf 84' lang='lat' dir='ltr'><strong><em>imperatoris</em></strong></span> 
     </span>
     <span class='ocr_line' id='line_1_35' title="bbox 112 2187 1605 2243; baseline -0.001 -12"><span class='ocrx_word' id='word_1_260' title='bbox 112 2187 332 2240; x_wconf 73' lang='lat' dir='ltr'><strong><em>rediisset,</em></strong></span> <span class='ocrx_word' id='word_1_261' title='bbox 374 2187 623 2243; x_wconf 79' lang='lat' dir='ltr'><strong><em>Hartviqus</em></strong></span> <span class='ocrx_word' id='word_1_262' title='bbox 671 2187 1003 2230; x_wconf 67' lang='lat' dir='ltr'><strong><em>Her-sweldensis</em></strong></span> <span class='ocrx_word' id='word_1_263' title='bbox 1054 2203 1079 2228; x_wconf 92' lang='lat' dir='ltr'><strong><em>a</em></strong></span> <span class='ocrx_word' id='word_1_264' title='bbox 1154 2189 1414 2242; x_wconf 81' lang='lat' dir='ltr'><strong><em>imperatore</em></strong></span> <span class='ocrx_word' id='word_1_265' title='bbox 1458 2189 1605 2229; x_wconf 80' lang='lat' dir='ltr'><strong><em>iussus</em></strong></span> 
     </span>
     <span class='ocr_line' id='line_1_36' title="bbox 113 2242 1603 2301; baseline -0.001 -14"><span class='ocrx_word' id='word_1_266' title='bbox 113 2250 177 2287; x_wconf 76' lang='lat' dir='ltr'><strong><em>est</em></strong></span> <span class='ocrx_word' id='word_1_267' title='bbox 203 2245 461 2301; x_wconf 72' lang='lat' dir='ltr'><strong><em>episcopatu</em></strong></span> <span class='ocrx_word' id='word_1_268' title='bbox 498 2257 544 2284; x_wconf 87' lang='lat' dir='ltr'><strong><em>se</em></strong></span> <span class='ocrx_word' id='word_1_269' title='bbox 581 2243 800 2285; x_wconf 86' lang='lat' dir='ltr'><strong><em>abdicare.</em></strong></span> <span class='ocrx_word' id='word_1_270' title='bbox 860 2243 1012 2299; x_wconf 83' lang='lat' dir='ltr'><strong><em>Itaque</em></strong></span> <span class='ocrx_word' id='word_1_271' title='bbox 1052 2243 1154 2286; x_wconf 76' lang='lat' dir='ltr'><strong><em>huic</em></strong></span> <span class='ocrx_word' id='word_1_272' title='bbox 1193 2242 1309 2285; x_wconf 77' lang='lat' dir='ltr'><strong><em>nibil</em></strong></span> <span class='ocrx_word' id='word_1_273' title='bbox 1345 2242 1472 2285; x_wconf 86' lang='lat' dir='ltr'><strong><em>aliud</em></strong></span> <span class='ocrx_word' id='word_1_274' title='bbox 1504 2243 1603 2285; x_wconf 84' lang='lat' dir='ltr'><strong><em>reli·</em></strong></span> 
     </span>
     <span class='ocr_line' id='line_1_37' title="bbox 113 2299 1605 2357; baseline -0.003 -14"><span class='ocrx_word' id='word_1_275' title='bbox 113 2315 247 2357; x_wconf 67' lang='lat' dir='ltr'><strong><em>quum</em></strong></span> <span class='ocrx_word' id='word_1_276' title='bbox 267 2306 376 2351; x_wconf 83' lang='lat' dir='ltr'><strong><em>erat,</em></strong></span> <span class='ocrx_word' id='word_1_277' title='bbox 403 2299 494 2340; x_wconf 82' lang='lat' dir='ltr'><strong><em>nisi</em></strong></span> <span class='ocrx_word' id='word_1_278' title='bbox 518 2304 566 2340; x_wconf 90' lang='lat' dir='ltr'><strong><em>ut</em></strong></span> <span class='ocrx_word' id='word_1_279' title='bbox 588 2299 890 2341; x_wconf 77' lang='lat' dir='ltr'><strong><em>Hersveldiam</em></strong></span> <span class='ocrx_word' id='word_1_280' title='bbox 920 2299 1094 2341; x_wconf 84' lang='lat' dir='ltr'><strong><em>rediret.</em></strong></span> <span class='ocrx_word' id='word_1_281' title='bbox 1133 2299 1192 2341; x_wconf 87' lang='lat' dir='ltr'><strong><em>At</em></strong></span> <span class='ocrx_word' id='word_1_282' title='bbox 1211 2306 1380 2356; x_wconf 86' lang='lat' dir='ltr'><strong><em>quanta</em></strong></span> <span class='ocrx_word' id='word_1_283' title='bbox 1408 2300 1457 2341; x_wconf 86' lang='lat' dir='ltr'><strong><em>in</em></strong></span> <span class='ocrx_word' id='word_1_284' title='bbox 1484 2314 1536 2341; x_wconf 88' lang='lat' dir='ltr'><strong><em>ea</em></strong></span> <span class='ocrx_word' id='word_1_285' title='bbox 1558 2313 1605 2340; x_wconf 88' lang='lat' dir='ltr'><strong><em>re</em></strong></span> 
     </span>
     <span class='ocr_line' id='line_1_38' title="bbox 113 2353 1606 2412; baseline -0.002 -13"><span class='ocrx_word' id='word_1_286' title='bbox 113 2362 210 2399; x_wconf 77' lang='lat' dir='ltr'><strong><em>erat</em></strong></span> <span class='ocrx_word' id='word_1_287' title='bbox 237 2355 480 2398; x_wconf 78' lang='lat' dir='ltr'><strong><em>acerbitas!</em></strong></span> <span class='ocrx_word' id='word_1_288' title='bbox 540 2353 762 2402; x_wconf 82' lang='lat' dir='ltr'><strong><em>Quantam</em></strong></span> <span class='ocrx_word' id='word_1_289' title='bbox 791 2355 894 2397; x_wconf 86' lang='lat' dir='ltr'><strong><em>inde</em></strong></span> <span class='ocrx_word' id='word_1_290' title='bbox 923 2356 970 2397; x_wconf 86' lang='lat' dir='ltr'><strong><em>in</em></strong></span> <span class='ocrx_word' id='word_1_291' title='bbox 1001 2356 1303 2412; x_wconf 83' lang='lat' dir='ltr'><strong><em>imperatorem</em></strong></span> <span class='ocrx_word' id='word_1_292' title='bbox 1333 2355 1606 2397; x_wconf 76' lang='lat' dir='ltr'><strong><em>redundasse</em></strong></span> 
     </span>
     <span class='ocr_line' id='line_1_39' title="bbox 113 2410 1606 2466; baseline -0.001 -12"><span class='ocrx_word' id='word_1_293' title='bbox 113 2411 331 2455; x_wconf 80' lang='lat' dir='ltr'><strong><em>invidiam</em></strong></span> <span class='ocrx_word' id='word_1_294' title='bbox 350 2411 512 2466; x_wconf 86' lang='lat' dir='ltr'><strong><em>putas!</em></strong></span> <span class='ocrx_word' id='word_1_295' title='bbox 545 2411 636 2453; x_wconf 89' lang='lat' dir='ltr'><strong><em>Nec</em></strong></span> <span class='ocrx_word' id='word_1_296' title='bbox 656 2413 828 2463; x_wconf 84' lang='lat' dir='ltr'><strong><em>mirum,</em></strong></span> <span class='ocrx_word' id='word_1_297' title='bbox 858 2410 976 2466; x_wconf 83' lang='lat' dir='ltr'><strong><em>quod</em></strong></span> <span class='ocrx_word' id='word_1_298' title='bbox 998 2426 1086 2453; x_wconf 91' lang='lat' dir='ltr'><strong><em>non</em></strong></span> <span class='ocrx_word' id='word_1_299' title='bbox 1112 2410 1183 2454; x_wconf 83' lang='lat' dir='ltr'><strong><em>ille</em></strong></span> <span class='ocrx_word' id='word_1_300' title='bbox 1203 2411 1335 2463; x_wconf 83' lang='lat' dir='ltr'><strong><em>solus,</em></strong></span> <span class='ocrx_word' id='word_1_301' title='bbox 1365 2410 1441 2453; x_wconf 86' lang='lat' dir='ltr'><strong><em>sed</em></strong></span> <span class='ocrx_word' id='word_1_302' title='bbox 1459 2411 1606 2453; x_wconf 83' lang='lat' dir='ltr'><strong><em>cuncti</em></strong></span> 
     </span>
     <span class='ocr_line' id='line_1_40' title="bbox 113 2467 1605 2564; baseline -0.003 -53"><span class='ocrx_word' id='word_1_303' title='bbox 113 2467 272 2524; x_wconf 69' lang='lat' dir='ltr'><strong><em>quibus</em></strong></span> <span class='ocrx_word' id='word_1_304' title='bbox 302 2472 516 2524; x_wconf 84' lang='lat' dir='ltr'><strong><em>praeerat</em></strong></span> <span class='ocrx_word' id='word_1_305' title='bbox 550 2467 757 2509; x_wconf 77' lang='lat' dir='ltr'><strong><em>monachi</em></strong></span> <span class='ocrx_word' id='word_1_306' title='bbox 795 2467 1102 2509; x_wconf 82' lang='lat' dir='ltr'><strong><em>irascebantur</em></strong></span> <span class='ocrx_word' id='word_1_307' title='bbox 1136 2469 1407 2522; x_wconf 83' lang='lat' dir='ltr'><strong><em>imperatori,</em></strong></span> <span class='ocrx_word' id='word_1_308' title='bbox 1444 2467 1605 2564; x_wconf 54' lang='lat' dir='ltr'><strong><em>qugygge</em></strong></span> 
     </span>
     <span class='ocr_line' id='line_1_41' title="bbox 113 2521 1604 2579; baseline -0.001 -13"><span class='ocrx_word' id='word_1_309' title='bbox 113 2523 191 2579; x_wconf 69' lang='lat' dir='ltr'><strong><em>qui</em></strong></span> <span class='ocrx_word' id='word_1_310' title='bbox 216 2529 307 2566; x_wconf 90' lang='lat' dir='ltr'><strong><em>tam</em></strong></span> <span class='ocrx_word' id='word_1_311' title='bbox 325 2521 474 2564; x_wconf 82' lang='lat' dir='ltr'><strong><em>leviter</em></strong></span> <span class='ocrx_word' id='word_1_312' title='bbox 493 2521 757 2565; x_wconf 86' lang='lat' dir='ltr'><strong><em>decretorum</em></strong></span> <span class='ocrx_word' id='word_1_313' title='bbox 776 2522 952 2565; x_wconf 78' lang='lat' dir='ltr'><strong><em>concilii</em></strong></span> <span class='ocrx_word' id='word_1_314' title='bbox 971 2523 1228 2579; x_wconf 76' lang='lat' dir='ltr'><strong><em>Moquntini</em></strong></span> <span class='ocrx_word' id='word_1_315' title='bbox 1251 2523 1393 2576; x_wconf 76' lang='lat' dir='ltr'><strong><em>(Maii</em></strong></span> <span class='ocrx_word' id='word_1_316' title='bbox 1412 2538 1454 2564; x_wconf 91' lang='lat' dir='ltr'><strong><em>a.</em></strong></span> <span class='ocrx_word' id='word_1_317' title='bbox 1474 2525 1490 2564; x_wconf 92' lang='lat'>1</span> <span class='ocrx_word' id='word_1_318' title='bbox 1582 2525 1604 2575; x_wconf 95' lang='lat'><em>)</em></span> 
     </span>
     <span class='ocr_line' id='line_1_42' title="bbox 118 2577 1606 2634; baseline -0.001 -14"><span class='ocrx_word' id='word_1_319' title='bbox 118 2577 274 2620; x_wconf 81' lang='lat' dir='ltr'><strong><em>oblitus</em></strong></span> <span class='ocrx_word' id='word_1_320' title='bbox 320 2584 437 2621; x_wconf 82' lang='lat' dir='ltr'><strong><em>esset.</em></strong></span> <span class='ocrx_word' id='word_1_321' title='bbox 501 2578 641 2634; x_wconf 83' lang='lat' dir='ltr'><strong><em>Atque</em></strong></span> <span class='ocrx_word' id='word_1_322' title='bbox 689 2593 786 2621; x_wconf 82' lang='lat' dir='ltr'><strong><em>vero</em></strong></span> <span class='ocrx_word' id='word_1_323' title='bbox 835 2580 965 2621; x_wconf 82' lang='lat' dir='ltr'><strong><em>etiam</em></strong></span> <span class='ocrx_word' id='word_1_324' title='bbox 1013 2580 1316 2634; x_wconf 85' lang='lat' dir='ltr'><strong><em>imperatorem</em></strong></span> <span class='ocrx_word' id='word_1_325' title='bbox 1362 2579 1606 2620; x_wconf 79' lang='lat' dir='ltr'><strong><em>meminisse</em></strong></span> 
     </span>
     <span class='ocr_line' id='line_1_43' title="bbox 108 2634 1606 2691; baseline -0.001 -16"><span class='ocrx_word' id='word_1_326' title='bbox 108 2634 374 2690; x_wconf 76' lang='lat' dir='ltr'><strong><em>putaverim,</em></strong></span> <span class='ocrx_word' id='word_1_327' title='bbox 402 2647 447 2675; x_wconf 85' lang='lat' dir='ltr'><strong><em>se</em></strong></span> <span class='ocrx_word' id='word_1_328' title='bbox 466 2634 578 2675; x_wconf 83' lang='lat' dir='ltr'><strong><em>male</em></strong></span> <span class='ocrx_word' id='word_1_329' title='bbox 596 2637 790 2690; x_wconf 71' lang='lat' dir='ltr'><strong><em>qratiam</em></strong></span> <span class='ocrx_word' id='word_1_330' title='bbox 817 2634 1057 2677; x_wconf 77' lang='lat' dir='ltr'><strong><em>reddidisse</em></strong></span> <span class='ocrx_word' id='word_1_331' title='bbox 1079 2634 1297 2691; x_wconf 75' lang='lat' dir='ltr'><strong><em>Hartviqo</em></strong></span> <span class='ocrx_word' id='word_1_332' title='bbox 1322 2649 1411 2690; x_wconf 89' lang='lat' dir='ltr'><strong><em>pro</em></strong></span> <span class='ocrx_word' id='word_1_333' title='bbox 1430 2634 1606 2690; x_wconf 77' lang='lat' dir='ltr'><strong><em>maqnis</em></strong></span> 
     </span>
     <span class='ocr_line' id='line_1_44' title="bbox 115 2687 1607 2744; baseline -0.001 -13"><span class='ocrx_word' id='word_1_334' title='bbox 115 2690 211 2731; x_wconf 76' lang='lat' dir='ltr'><strong><em>eius</em></strong></span> <span class='ocrx_word' id='word_1_335' title='bbox 253 2690 303 2731; x_wconf 78' lang='lat' dir='ltr'><strong><em>in</em></strong></span> <span class='ocrx_word' id='word_1_336' title='bbox 347 2691 494 2744; x_wconf 79' lang='lat' dir='ltr'><strong><em>ipsum</em></strong></span> <span class='ocrx_word' id='word_1_337' title='bbox 529 2690 695 2733; x_wconf 82' lang='lat' dir='ltr'><strong><em>meritis</em></strong></span> <span class='ocrx_word' id='word_1_338' title='bbox 733 2696 771 2731; x_wconf 90' lang='lat' dir='ltr'><strong><em>et</em></strong></span> <span class='ocrx_word' id='word_1_339' title='bbox 810 2691 1008 2733; x_wconf 84' lang='lat' dir='ltr'><strong><em>iniurias</em></strong></span> <span class='ocrx_word' id='word_1_340' title='bbox 1045 2690 1235 2733; x_wconf 80' lang='lat' dir='ltr'><strong><em>attulisse</em></strong></span> <span class='ocrx_word' id='word_1_341' title='bbox 1275 2690 1473 2732; x_wconf 83' lang='lat' dir='ltr'><strong><em>omnibus</em></strong></span> <span class='ocrx_word' id='word_1_342' title='bbox 1518 2687 1607 2730; x_wconf 78' lang='lat' dir='ltr'><strong><em>illis</em></strong></span> 
     </span>
     <span class='ocr_line' id='line_1_45' title="bbox 118 2743 1606 2802; baseline -0.002 -14"><span class='ocrx_word' id='word_1_343' title='bbox 118 2744 364 2788; x_wconf 79' lang='lat' dir='ltr'><strong><em>bominibus</em></strong></span> <span class='ocrx_word' id='word_1_344' title='bbox 402 2743 488 2786; x_wconf 79' lang='lat' dir='ltr'><strong><em>sibi</em></strong></span> <span class='ocrx_word' id='word_1_345' title='bbox 531 2745 734 2798; x_wconf 83' lang='lat' dir='ltr'><strong><em>addictis,</em></strong></span> <span class='ocrx_word' id='word_1_346' title='bbox 778 2747 856 2801; x_wconf 80' lang='lat' dir='ltr'><strong><em>qui</em></strong></span> <span class='ocrx_word' id='word_1_347' title='bbox 891 2752 991 2801; x_wconf 85' lang='lat' dir='ltr'><strong><em>post</em></strong></span> <span class='ocrx_word' id='word_1_348' title='bbox 1034 2747 1250 2802; x_wconf 79' lang='lat' dir='ltr'><strong><em>synodum</em></strong></span> <span class='ocrx_word' id='word_1_349' title='bbox 1295 2746 1606 2801; x_wconf 76' lang='lat' dir='ltr'><strong><em>Moyuntinam</em></strong></span> 
     </span>
    </p>
   </div>
   <div class='ocr_carea' id='block_1_3' title="bbox 118 2869 596 2914">
    <p class='ocr_par' dir='ltr' id='par_1_4' title="bbox 118 2869 596 2914">
     <span class='ocr_line' id='line_1_46' title="bbox 118 2869 596 2914; baseline 0 -11"><span class='ocrx_word' id='word_1_350' title='bbox 118 2870 154 2911; x_wconf 84' lang='lat'><strong><em>1)</em></strong></span> <span class='ocrx_word' id='word_1_351' title='bbox 179 2870 244 2905; x_wconf 77' lang='lat' dir='ltr'><strong><em>ss,</em></strong></span> <span class='ocrx_word' id='word_1_352' title='bbox 270 2870 315 2911; x_wconf 78' lang='lat' dir='ltr'><strong><em>V,</em></strong></span> <span class='ocrx_word' id='word_1_353' title='bbox 341 2881 376 2914; x_wconf 79' lang='lat' dir='ltr'><strong><em>p.</em></strong></span> <span class='ocrx_word' id='word_1_354' title='bbox 404 2869 487 2903; x_wconf 76' lang='lat'><strong>206.</strong></span> <span class='ocrx_word' id='word_1_355' title='bbox 514 2869 596 2903; x_wconf 60' lang='grc' dir='ltr'><strong><em>εον.</em></strong></span> 
     </span>
    </p>
   </div>
  </div>
 </body>
</html>
