1878 3308
144 803 210 830 Ioh.
226 803 272 837 10,
288 804 314 831 1.

140 2393 215 2420 Mal.
229 2394 315 2428 2,12.

124 2507 192 2534 1011.
206 2506 252 2538 15,
268 2507 314 2534 13.

137 2650 177 2678 cf.
193 2652 218 2677 1.
232 2650 314 2678 Petr.

195 2690 222 2723 2,
236 2690 284 2718 2⁶.

332 282 401 315 106
576 281 641 315 DE
668 280 881 315 UNITATE
908 278 1183 314 EOCLESIAE
1211 279 1580 315 CONSERVANDA.

329 415 365 439 se
403 416 476 438 non
508 414 581 438 esse
615 403 826 446 episcopum,
861 401 893 434 si
920 413 1089 445 praeesse
1123 402 1322 446 desyderat,
1363 413 1435 436 mm
1473 402 1657 445 prodesse.
1723 391 1826 434 Pro-

328 448 430 492 inde
473 449 603 491 etiam
648 447 803 490 dicitur
847 447 892 488 in
932 446 1197 489 ordinatione
1234 447 1442 512 episcopi,
1481 453 1531 490 ut
1564 460 1729 489 memor
1757 448 1822 489 sic

330 506 386 548 sit
433 519 603 561 semper
649 503 890 569 sponsionis
940 510 983 545 et
1031 503 1375 558 desponsationis
1424 503 1739 546 ecclesiasticae
1783 509 1826 546 et

330 560 570 604 dilectionis
596 560 692 614 De1‚
722 564 766 602 et
794 573 880 600 non
910 558 1188 601 obliviscatur
1216 557 1329 600 illius
1359 558 1457 611 diei,
1488 573 1573 616 quo
1602 565 1825 602 assecutus

330 624 395 660 est
423 618 536 659 hunc
564 616 771 658 honorem
799 615 1021 671 pontificii,
1051 630 1106 658 ne
1136 613 1247 657 ovile
1277 614 1454 657 Domini
1483 613 1645 671 praedo
1665 614 1824 658 violen-

329 680 398 716 tus
428 674 560 716 irrum
595 679 638 715 at
667 678 710 714 et
738 671 953 727 dispersas
982 669 1060 713 abs
1094 685 1147 713 ue
1176 677 1349 727 pastore
1375 685 1477 713 oves
1505 670 1575 713 fur
1592 676 1825 714 nocturnus

328 729 517 772 invadat.
608 743 685 771 cce
715 727 830 770 enim
860 727 1036 784 quidam
1105 741 1185 768 run
1214 728 1259 769 in
1288 726 1504 770 desertum
1534 725 1647 769 ovile
1676 727 1823 770 ovium

328 800 415 828 non
451 801 529 842 per
558 785 728 837 ostium,
768 782 843 826 sed
875 782 1048 826 aliunde
1077 783 1271 826 ascendit
1299 790 1354 837 et,
1383 783 1495 825 sicut
1522 783 1584 825 ait
1609 782 1824 826 Dominus

328 842 460 884 moris
481 855 574 884 esse
602 840 686 883 furi
705 845 835 896 atque
854 838 1021 893 latroni,
1052 839 1107 881 ad
1127 839 1208 882 hoc
1228 840 1359 894 venit,
1388 845 1437 882 ut
1464 839 1624 881 furtum
1653 838 1825 894 faceret,

327 903 536 941 mactaret
563 902 607 941 et
635 894 847 954 perderet.
890 895 999 938 Nam
1021 910 1121 938 cum
1150 910 1237 937 non
1257 902 1368 938 esset
1397 894 1687 938 ecclesiastico
1708 910 1825 938 more

329 953 489 997 electus
534 959 578 996 et
615 950 777 1018 populo
817 951 1040 994 Mettensis
1085 951 1291 994 ecclesiae
1329 951 1509 995 fuisset⁸
1545 951 1719 1017 ignotus
1761 958 1825 995 ut-

328 1016 430 1068 pote
473 1008 587 1051 filius
626 1006 852 1050 culusdam
895 1007 1119 1051 Adalberti
1158 1008 1327 1050 comitis
1367 1007 1421 1050 de
1460 1008 1687 1065 provincia
1723 1006 1825 1050 Ala-

327 1066 542 1120 manniae,
569 1071 664 1108 tum
683 1063 754 1107 ille
776 1078 863 1106 non
883 1065 1127 1121 episcopm,
1159 1063 1234 1106 sed
1254 1071 1461 1121 tyrannus
1490 1065 1535 1106 in
1554 1063 1826 1107 multitudine

328 1123 453 1178 gravi
492 1121 801 1164 conductorum
838 1119 1020 1163 militum
1059 1119 1115 1162 ad
1152 1119 1303 1163 urbem
1339 1120 1594 1163 Mettensem
1633 1120 1826 1174 accessit,

329 1178 482 1222 caedes
511 1178 734 1220 hominum
764 1176 879 1230 fecit,
909 1192 986 1233 per
1015 1176 1243 1218 circuitum
1274 1177 1625 1219 sanctificationis
1653 1176 1826 1232 sangui-

328 1249 426 1276 nem
458 1234 541 1276 sibi
561 1232 893 1290 repugnantium
914 1232 1078 1286 effudit,
1108 1233 1246 1298 ipsam
1277 1246 1449 1290 quoque
1470 1232 1645 1275 domum
1670 1233 1825 1275 sancti-

327 1290 539 1333 ficationis
570 1289 888 1343 contaminavit,
927 1289 1043 1332 bona
1080 1294 1210 1331 enam
1250 1296 1292 1331 et
1329 1303 1397 1331 res
1437 1289 1574 1346 ipsius
1618 1288 1825 1331 ecclesiae

329 1346 623 1390 distribuendo
666 1344 923 1388 militaribus
963 1345 1068 1387 viris
1117 1344 1346 1401 dissipavit
1393 1359 1582 1402 ovesque
1625 1344 1827 1402 dispersit

329 1402 509 1457 Christi3
548 1403 621 1459 qui
659 1408 758 1458 post
800 1400 1066 1458 aliquantum
1110 1406 1280 1457 tempus
1319 1407 1550 1457 conceptae
1585 1400 1824 1457 tyrannidis

327 1459 471 1516 ipsum
501 1473 672 1516 quoque
702 1471 860 1500 nomen
889 1458 1031 1513 episco
1066 1457 1080 1498 i
1109 1457 1294 1510 amisit1,
1327 1458 1429 1514 quia
1447 1459 1681 1514 imperator
1708 1464 1826 1514 pote-

329 1521 481 1558 statem
523 1515 558 1557 ei
597 1515 874 1570 episcopatus
909 1513 1005 1556 abst
1051 1514 1096 1566 it,
1126 1519 1356 1570 postquam
1385 1519 1503 1556 tanta
1531 1513 1591 1556 ibi
1619 1528 1699 1570 per
1727 1528 1824 1556 eum

328 1571 421 1614 fieri
459 1570 663 1613 scandala
697 1569 919 1623 intellexit,
950 1583 1061 1626 quae
1090 1583 1215 1611 nemo
1246 1569 1374 1626 digne
1404 1569 1626 1626 deplorare
1655 1569 1825 1627 poterit.

330 1626 453 1670 Sicut
493 1627 605 1669 enim
642 1626 790 1668 scribit
825 1631 998 1668 sanctus
1035 1625 1125 1667 Leo
1160 1632 1322 1682 papa²:
1366 1635 1608 1680 Principatue,
1633 1646 1736 1679 quem
1762 1640 1825 1669 aut

329 1685 453 1721 seditio
479 1686 624 1720 extorsit
649 1691 712 1719 aut
739 1686 890 1719 ambitus
915 1684 1110 1728 occupavit,
1138 1685 1276 1718 etiamsi
1291 1684 1445 1718 moribus
1472 1689 1576 1728 atque
1592 1684 1727 1718 actibus
1753 1695 1826 1718 non

329 1735 485 1778 offendit,
511 1736 588 1778 ipso
617 1739 733 1769 tamen
750 1733 846 1768 initii
863 1730 949 1767 suib
969 1739 1019 1768 est
1038 1733 1262 1777 perniciosus
1289 1735 1456 1777 exemplo,
1483 1739 1514 1767 et
1531 1732 1673 1777 difficile
1700 1738 1760 1776 est,
1786 1738 1826 1766 ut

330 1784 418 1818 bono
439 1789 666 1828 peraqantur
691 1782 800 1826 emita,
826 1794 918 1827 quae
943 1784 1035 1816 malo
1061 1787 1144 1815 sunt
1168 1781 1336 1815 inchoata
1354 1781 1547 1825 principio.
1584 1782 1706 1825 Neque
1729 1793 1824 1824 vero,
1846 1805 1849 1808 -

329 1829 429 1881 ait3,
459 1840 536 1872 ulla
560 1838 645 1871 sinit
680 1837 782 1880 ratio,
816 1843 855 1870 ut
880 1836 972 1870 inter
999 1837 1177 1880 episcopos
1212 1837 1421 1880 habeantur,
1456 1837 1519 1880 qui
1550 1848 1614 1870 nec
1641 1848 1664 1870 a
1689 1837 1824 1870 clericis

329 1893 411 1922 sunt
446 1888 543 1922 electi
574 1898 637 1921 nec
669 1898 692 1919 a
716 1886 879 1930 plebibus
906 1886 1050 1929 expetiti
1082 1898 1146 1920 nec
1181 1898 1215 1940 a·
1233 1885 1517 1929 provincialibus
1531 1926 1535 1930 .
1549 1885 1721 1929 episcopis
1746 1896 1825 1919 cum

329 1941 588 1986 metropolitani
620 1941 752 1975 iudicio
788 1941 992 1975 consecrati.
1053 1931 1169 1973 Eece
1204 1946 1249 1972 ln
1284 1931 1380 1987 ipsa
1416 1945 1587 1988 quoque
1624 1930 1825 1973 Mettensi

329 1988 511 2031 eeclesia
539 2002 617 2043 per
647 1986 796 2028 decem
826 1992 901 2028 aut
930 2000 979 2028 eo
1010 1986 1195 2044 amplius
1224 2001 1359 2029 annos
1399 1987 1698 2043 praetermissa
1727 1991 1826 2029 sunt

330 2049 534 2086 consueta
571 2043 870 2099 episcoporum
902 2041 1056 2097 officia,
1087 2049 1129 2085 et
1157 2057 1237 2086 nec
1266 2042 1506 2085 chrismatis
1535 2056 1615 2085 nec
1642 2041 1826 2085 aliorum

329 2105 706 2153 sacramentorum,
775 2112 855 2140 uae
891 2099 1064 2154 proprie
1101 2098 1155 2140 ad
1192 2099 1419 2156 episcopos
1449 2099 1675 2155 pertinent,
1703 2098 1826 2140 mini-

329 2157 460 2199 steria
489 2162 587 2198 sunt
615 2153 676 2196 ibi
707 2169 755 2196 ce
774 2154 933 2207 ebrata‚
966 2156 1056 2197 sine
1087 2154 1242 2212 quibus
1276 2170 1362 2198 non
1392 2161 1533 2212 potest
1561 2170 1654 2198 esse
1692 2153 1824 2198 eccle-

329 2213 392 2255 sia
435 2212 534 2254 Dei.
592 2211 643 2253 In
682 2216 847 2253 tantum
883 2210 1018 2253 valuit
1056 2226 1196 2254 sermo
1234 2210 1507 2254 Hildebranti
1548 2225 1707 2267 papae,
1781 2210 1827 2252 ui

328 2268 449 2310 illum
480 2268 790 2310 Herimannum
823 2265 970 2308 docuit
998 2274 1041 2310 et
1071 2268 1269 2323 exemplo
1301 2274 1343 2309 et
1371 2267 1585 2323 scriptura
1613 2267 1666 2310 de
1690 2281 1766 2309 ecc
1784 2281 1825 2309 e·
1871 2311 1878 2322 Α,

331 2325 394 2366 sia
433 2324 516 2366 sibi
552 2323 779 2365 commissa
818 2322 979 2377 fugere,
1018 2329 1066 2365 ut
1104 2324 1228 2366 iuxta
1256 2323 1372 2379 quod
1401 2323 1559 2365 dicitur
1585 2338 1664 2379 per
1691 2322 1824 2365 Mala·
1871 2326 1878 2378 j

331 2379 471 2422 chiam
507 2379 782 2436 prophetam:
826 2378 1072 2434 Disperdat
1114 2380 1332 2422 Dominus
1370 2380 1514 2422 virum
1553 2380 1630 2435 qui
1662 2379 1825 2435 fecerit
1871 2382 1878 2388 ⁴

1869 2418 1878 2435 Δ

329 2437 406 2478 hoc
436 2442 474 2477 et
502 2436 764 2491 mayistrum
793 2441 831 2477 et
860 2434 1127 2491 discipulum
1157 2436 1209 2477 de
1238 2435 1534 2477 tabernaculis
1562 2435 1708 2489 Iacob,
1748 2434 1824 2477 ubi
1868 2445 1878 2484 ξ

329 2497 393 2534 est
431 2491 706 2547 congregatio
746 2496 1006 2543 sanctorum,
1044 2491 1246 2546 quoniam
1284 2492 1492 2533 maiorem
1534 2506 1655 2534 nemo
1699 2491 1824 2534 habet
1866 2531 1878 2560 a

330 2549 570 2600 caritatem,
612 2561 743 2602 quam
781 2552 828 2587 ut
865 2547 1060 2588 animam
1096 2562 1223 2588 suam
1261 2548 1359 2612 quis
1385 2553 1527 2602 ponat
1549 2562 1637 2602 pro
1667 2548 1822 2590 amicis

1871 2493 1878 2527 Ξ

1866 2560 1878 2606 3

330 2604 423 2645 suis
452 2604 576 2644 iuxta
604 2600 850 2666 exemplum
872 2599 985 2643 illius
1016 2602 1089 2657 qui
1117 2601 1398 2645 essentlaliter
1417 2602 1557 2645 bonus
1588 2609 1652 2646 est
1678 2608 1824 2659 pastor
1863 2607 1878 2645 ²&

1862 2667 1878 2686 „3

330 2665 372 2702 ct
401 2659 630 2715 episcopus
659 2671 897 2699 ammarum
925 2663 1177 2699 nostrarum.

441 2716 510 2756 31.
571 2713 687 2766 Quid
726 2712 779 2755 de
810 2713 1030 2755 Burcardo
1069 2713 1266 2768 dicimus,
1309 2729 1437 2770 quem
1467 2730 1546 2757 rex
1574 2714 1819 2757 Henrichus
1867 2708 1878 2762 3

329 2771 382 2813 de
411 2770 558 2812 infimo
599 2768 694 2811 loco
731 2769 966 2829 exaltatum
1000 2769 1103 2812 fecit
1142 2770 1370 2826 quondam,
1410 2776 1457 2812 ut
1496 2776 1607 2814 esset
1641 2770 1822 2814 Halber-
1860 2794 1878 2833 2!

328 2866 359 2902 a)
382 2874 408 2894 e.
430 2870 536 2899 utpote
558 2868 610 2899 qui
631 2868 651 2893 f.
675 2867 694 2892 i.
718 2869 747 2892 et
768 2866 811 2892 fil.
836 2868 863 2894 1.
944 2865 975 2899 b)
999 2867 1094 2892 initus
1115 2868 1164 2893 vie
1186 2868 1303 2893 Hinech.

331 2941 368 2986 1)
397 2942 451 2976 Cf.
478 2942 650 2976 Bernoldi
677 2942 759 2976 chr.
793 2942 817 2975 l.
846 2953 877 2976 c.
911 2954 945 2986 p.
973 2943 1056 2976 447.
1085 2942 1175 2986 4483
1212 2943 1256 2976 cf.
1283 2944 1390 2986 Hugo
1415 2943 1556 2976 Flavin.
1657 2941 1695 2983 2)
1730 2942 1820 2975 Hin-

329 2992 449 3026 schius
475 2991 499 3025 l.
528 3002 558 3024 c.
585 3003 618 3035 p.
648 2992 731 3026 622.
832 2990 871 3035 3)
898 2991 995 3025 Ibid.
1019 3003 1054 3036 p.
1082 2991 1166 3025 616.

1864 2764 1878 2793 i

1846 2861 1878 2882 ’φ

1851 2895 1877 2905 «μ
