<?xml version="1.0" encoding="UTF-8"?>
<!DOCTYPE html PUBLIC "-//W3C//DTD XHTML 1.0 Transitional//EN"
    "http://www.w3.org/TR/xhtml1/DTD/xhtml1-transitional.dtd">
<html xmlns="http://www.w3.org/1999/xhtml" xml:lang="en" lang="en">
 <head>
  <title>
</title>
<meta http-equiv="Content-Type" content="text/html;charset=utf-8" />
  <meta name='ocr-system' content='tesseract 3.04.00' />
  <meta name='ocr-capabilities' content='ocr_page ocr_carea ocr_par ocr_line ocrx_word'/>
</head>
<body>
  <div class='ocr_page' id='page_1' title='image "./waltramiutvidetu00walruoft_0056.png"; bbox 0 0 1878 3308; ppageno 0'>
   <div class='ocr_carea' id='block_1_1' title="bbox 297 266 1540 302">
    <p class='ocr_par' dir='ltr' id='par_1_1' title="bbox 297 266 1540 302">
     <span class='ocr_line' id='line_1_1' title="bbox 297 266 1540 302; baseline 0.001 -2"><span class='ocrx_word' id='word_1_1' title='bbox 297 268 345 301; x_wconf 85' lang='lat'><strong>30</strong></span> <span class='ocrx_word' id='word_1_2' title='bbox 541 268 607 300; x_wconf 87' lang='lat' dir='ltr'><strong>DE</strong></span> <span class='ocrx_word' id='word_1_3' title='bbox 634 267 843 301; x_wconf 86' lang='lat' dir='ltr'>UNITATE</span> <span class='ocrx_word' id='word_1_4' title='bbox 870 266 1144 302; x_wconf 83' lang='lat' dir='ltr'>ECOLESIAE</span> <span class='ocrx_word' id='word_1_5' title='bbox 1171 267 1540 301; x_wconf 81' lang='lat' dir='ltr'>OONSERVANDA.</span> 
     </span>
    </p>
   </div>
   <div class='ocr_carea' id='block_1_2' title="bbox 98 379 1796 661">
    <p class='ocr_par' dir='ltr' id='par_1_2' title="bbox 98 379 1796 661">
     <span class='ocr_line' id='line_1_2' title="bbox 298 379 1788 436; baseline -0.002 -13"><span class='ocrx_word' id='word_1_6' title='bbox 298 380 436 423; x_wconf 88' lang='lat' dir='ltr'><strong>Omne</strong></span> <span class='ocrx_word' id='word_1_7' title='bbox 457 379 570 422; x_wconf 87' lang='lat' dir='ltr'><strong>enim</strong></span> <span class='ocrx_word' id='word_1_8' title='bbox 591 379 753 421; x_wconf 90' lang='lat' dir='ltr'><strong>bonum</strong></span> <span class='ocrx_word' id='word_1_9' title='bbox 773 386 847 422; x_wconf 86' lang='lat' dir='ltr'><strong>aut</strong></span> <span class='ocrx_word' id='word_1_10' title='bbox 866 379 986 422; x_wconf 90' lang='lat' dir='ltr'><strong>Deus</strong></span> <span class='ocrx_word' id='word_1_11' title='bbox 1016 386 1089 422; x_wconf 89' lang='lat' dir='ltr'><strong>aut</strong></span> <span class='ocrx_word' id='word_1_12' title='bbox 1109 393 1164 421; x_wconf 84' lang='lat' dir='ltr'><strong>ex</strong></span> <span class='ocrx_word' id='word_1_13' title='bbox 1184 379 1279 422; x_wconf 92' lang='lat' dir='ltr'><strong>Deo</strong></span> <span class='ocrx_word' id='word_1_14' title='bbox 1299 384 1382 434; x_wconf 83' lang='lat' dir='ltr'><strong>est3</strong></span> <span class='ocrx_word' id='word_1_15' title='bbox 1411 385 1601 436; x_wconf 86' lang='lat' dir='ltr'><strong>potestas</strong></span> <span class='ocrx_word' id='word_1_16' title='bbox 1630 383 1788 432; x_wconf 85' lang='lat' dir='ltr'><strong>autem,</strong></span> 
     </span>
     <span class='ocr_line' id='line_1_3' title="bbox 298 434 1787 493; baseline 0 -15"><span class='ocrx_word' id='word_1_17' title='bbox 298 436 498 493; x_wconf 89' lang='lat' dir='ltr'><strong>quoniam</strong></span> <span class='ocrx_word' id='word_1_18' title='bbox 530 450 585 478; x_wconf 90' lang='lat' dir='ltr'><strong>ex</strong></span> <span class='ocrx_word' id='word_1_19' title='bbox 605 435 703 478; x_wconf 89' lang='lat' dir='ltr'><strong>Deo</strong></span> <span class='ocrx_word' id='word_1_20' title='bbox 733 443 808 489; x_wconf 88' lang='lat' dir='ltr'><strong>est,</strong></span> <span class='ocrx_word' id='word_1_21' title='bbox 839 436 987 493; x_wconf 92' lang='lat' dir='ltr'><strong>utique</strong></span> <span class='ocrx_word' id='word_1_22' title='bbox 1017 434 1131 478; x_wconf 88' lang='lat' dir='ltr'><strong>bona</strong></span> <span class='ocrx_word' id='word_1_23' title='bbox 1159 440 1235 489; x_wconf 89' lang='lat' dir='ltr'><strong>est,</strong></span> <span class='ocrx_word' id='word_1_24' title='bbox 1266 435 1379 478; x_wconf 90' lang='lat' dir='ltr'><strong>unde</strong></span> <span class='ocrx_word' id='word_1_25' title='bbox 1409 442 1451 478; x_wconf 91' lang='lat' dir='ltr'><strong>et</strong></span> <span class='ocrx_word' id='word_1_26' title='bbox 1479 437 1557 492; x_wconf 81' lang='lat' dir='ltr'><strong>qui</strong></span> <span class='ocrx_word' id='word_1_27' title='bbox 1620 437 1787 478; x_wconf 81' lang='lat' dir='ltr'><strong>otestati</strong></span> 
     </span>
     <span class='ocr_line' id='line_1_4' title="bbox 98 490 1786 547; baseline -0.001 -13"><span class='ocrx_word' id='word_1_28' title='bbox 98 509 186 534; x_wconf 77' lang='lat' dir='ltr'><strong>Rom.</strong></span> <span class='ocrx_word' id='word_1_29' title='bbox 199 508 283 542; x_wconf 63' lang='grc' dir='ltr'><strong>ιω.</strong></span> <span class='ocrx_word' id='word_1_30' title='bbox 297 494 472 546; x_wconf 82' lang='lat' dir='ltr'><strong>resistit,</strong></span> <span class='ocrx_word' id='word_1_31' title='bbox 504 492 590 534; x_wconf 79' lang='lat' dir='ltr'><strong>Dei</strong></span> <span class='ocrx_word' id='word_1_32' title='bbox 610 492 883 535; x_wconf 82' lang='lat' dir='ltr'><strong>ordinationi</strong></span> <span class='ocrx_word' id='word_1_33' title='bbox 901 493 1073 545; x_wconf 73' lang='lat' dir='ltr'><strong><em>resistit,</em></strong></span> <span class='ocrx_word' id='word_1_34' title='bbox 1104 492 1215 534; x_wconf 85' lang='lat' dir='ltr'><strong>sicut</strong></span> <span class='ocrx_word' id='word_1_35' title='bbox 1234 490 1454 547; x_wconf 82' lang='lat' dir='ltr'><strong>apostolus</strong></span> <span class='ocrx_word' id='word_1_36' title='bbox 1473 491 1546 534; x_wconf 88' lang='lat' dir='ltr'><strong>ait.</strong></span> <span class='ocrx_word' id='word_1_37' title='bbox 1632 505 1687 532; x_wconf 95' lang='lat' dir='ltr'><strong>on</strong></span> <span class='ocrx_word' id='word_1_38' title='bbox 1715 491 1786 533; x_wconf 87' lang='lat' dir='ltr'><strong>hic</strong></span> 
     </span>
     <span class='ocr_line' id='line_1_5' title="bbox 299 546 1788 605; baseline -0.001 -15"><span class='ocrx_word' id='word_1_39' title='bbox 299 555 412 591; x_wconf 85' lang='lat' dir='ltr'><strong>certe</strong></span> <span class='ocrx_word' id='word_1_40' title='bbox 441 549 585 605; x_wconf 85' lang='lat' dir='ltr'><strong>agitur</strong></span> <span class='ocrx_word' id='word_1_41' title='bbox 614 547 667 590; x_wconf 88' lang='lat' dir='ltr'><strong>de</strong></span> <span class='ocrx_word' id='word_1_42' title='bbox 688 547 856 602; x_wconf 85' lang='lat' dir='ltr'><strong>talibus,</strong></span> <span class='ocrx_word' id='word_1_43' title='bbox 887 548 939 591; x_wconf 87' lang='lat' dir='ltr'><strong>de</strong></span> <span class='ocrx_word' id='word_1_44' title='bbox 960 548 1115 604; x_wconf 90' lang='lat' dir='ltr'><strong>quibus</strong></span> <span class='ocrx_word' id='word_1_45' title='bbox 1139 562 1217 604; x_wconf 86' lang='lat' dir='ltr'><strong>per</strong></span> <span class='ocrx_word' id='word_1_46' title='bbox 1235 547 1486 604; x_wconf 89' lang='lat' dir='ltr'><strong>prophetam</strong></span> <span class='ocrx_word' id='word_1_47' title='bbox 1515 546 1620 590; x_wconf 89' lang='lat' dir='ltr'><strong>dicit</strong></span> <span class='ocrx_word' id='word_1_48' title='bbox 1638 547 1788 589; x_wconf 88' lang='lat' dir='ltr'><strong>Domi-</strong></span> 
     </span>
     <span class='ocr_line' id='line_1_6' title="bbox 101 604 1796 661; baseline -0.001 -15"><span class='ocrx_word' id='word_1_49' title='bbox 101 619 204 646; x_wconf 70' lang='lat' dir='ltr'><strong>nosea</strong></span> <span class='ocrx_word' id='word_1_50' title='bbox 215 619 283 654; x_wconf 71' lang='lat' dir='ltr'><strong>s,4.</strong></span> <span class='ocrx_word' id='word_1_51' title='bbox 297 619 394 647; x_wconf 85' lang='lat' dir='ltr'><strong>nus:</strong></span> <span class='ocrx_word' id='word_1_52' title='bbox 424 605 520 661; x_wconf 80' lang='lat' dir='ltr'><strong>Ipsi</strong></span> <span class='ocrx_word' id='word_1_53' title='bbox 548 611 854 661; x_wconf 72' lang='lat' dir='ltr'><strong>reqnwerunt,</strong></span> <span class='ocrx_word' id='word_1_54' title='bbox 885 611 923 646; x_wconf 93' lang='lat' dir='ltr'><strong>et</strong></span> <span class='ocrx_word' id='word_1_55' title='bbox 951 620 1039 647; x_wconf 88' lang='lat' dir='ltr'><strong>non</strong></span> <span class='ocrx_word' id='word_1_56' title='bbox 1069 619 1122 645; x_wconf 77' lang='lat' dir='ltr'><strong>ea·</strong></span> <span class='ocrx_word' id='word_1_57' title='bbox 1146 619 1233 656; x_wconf 85' lang='lat' dir='ltr'><strong>me;</strong></span> <span class='ocrx_word' id='word_1_58' title='bbox 1264 604 1431 646; x_wconf 79' lang='lat' dir='ltr'><strong>iudices</strong></span> <span class='ocrx_word' id='word_1_59' title='bbox 1453 604 1719 657; x_wconf 77' lang='lat' dir='ltr'><strong>eaestiterunt,</strong></span> <span class='ocrx_word' id='word_1_60' title='bbox 1750 610 1796 645; x_wconf 46' lang='lat' dir='ltr'><strong>et*</strong></span> 
     </span>
    </p>
   </div>
   <div class='ocr_carea' id='block_1_3' title="bbox 297 658 1850 718">
    <p class='ocr_par' dir='ltr' id='par_1_3' title="bbox 297 658 1850 718">
     <span class='ocr_line' id='line_1_7' title="bbox 297 658 1850 718; baseline -0.002 -15"><span class='ocrx_word' id='word_1_61' title='bbox 297 677 385 703; x_wconf 87' lang='lat' dir='ltr'><strong>non</strong></span> <span class='ocrx_word' id='word_1_62' title='bbox 407 676 601 716; x_wconf 75' lang='lat' dir='ltr'><strong>coynovz.</strong></span> <span class='ocrx_word' id='word_1_63' title='bbox 645 661 747 703; x_wconf 93' lang='lat' dir='ltr'><strong>Non</strong></span> <span class='ocrx_word' id='word_1_64' title='bbox 773 661 968 718; x_wconf 72' lang='lat' dir='ltr'><strong>coynovi,</strong></span> <span class='ocrx_word' id='word_1_65' title='bbox 998 660 1147 716; x_wconf 90' lang='lat' dir='ltr'><strong>inquit,</strong></span> <span class='ocrx_word' id='word_1_66' title='bbox 1179 660 1303 716; x_wconf 84' lang='lat' dir='ltr'><strong>quasi</strong></span> <span class='ocrx_word' id='word_1_67' title='bbox 1322 659 1504 702; x_wconf 85' lang='lat' dir='ltr'><strong>diceret:</strong></span> <span class='ocrx_word' id='word_1_68' title='bbox 1533 658 1785 716; x_wconf 83' lang='lat' dir='ltr'><strong>reprobavi3</strong></span> <span class='ocrx_word' id='word_1_69' title='bbox 1848 670 1850 672; x_wconf 77' lang='grc'>’</span> 
     </span>
    </p>
   </div>
   <div class='ocr_carea' id='block_1_4' title="bbox 83 715 1846 2843">
    <p class='ocr_par' dir='ltr' id='par_1_4' title="bbox 83 715 1846 2843">
     <span class='ocr_line' id='line_1_8' title="bbox 298 715 1787 772; baseline -0.001 -13"><span class='ocrx_word' id='word_1_70' title='bbox 298 717 380 759; x_wconf 86' lang='lat' dir='ltr'><strong>Dei</strong></span> <span class='ocrx_word' id='word_1_71' title='bbox 409 718 523 759; x_wconf 90' lang='lat' dir='ltr'><strong>enim</strong></span> <span class='ocrx_word' id='word_1_72' title='bbox 552 717 716 758; x_wconf 88' lang='lat' dir='ltr'><strong>nescire</strong></span> <span class='ocrx_word' id='word_1_73' title='bbox 745 716 826 759; x_wconf 91' lang='lat' dir='ltr'><strong>hoc</strong></span> <span class='ocrx_word' id='word_1_74' title='bbox 850 722 914 759; x_wconf 88' lang='lat' dir='ltr'><strong>est</strong></span> <span class='ocrx_word' id='word_1_75' title='bbox 941 716 1185 772; x_wconf 89' lang='lat' dir='ltr'><strong>reprobare.</strong></span> <span class='ocrx_word' id='word_1_76' title='bbox 1226 715 1514 758; x_wconf 83' lang='lat' dir='ltr'><strong>Veruntamen</strong></span> <span class='ocrx_word' id='word_1_77' title='bbox 1532 729 1618 758; x_wconf 89' lang='lat' dir='ltr'><strong>non</strong></span> <span class='ocrx_word' id='word_1_78' title='bbox 1637 730 1682 758; x_wconf 86' lang='lat' dir='ltr'><strong>re</strong></span> <span class='ocrx_word' id='word_1_79' title='bbox 1744 730 1787 757; x_wconf 90' lang='lat' dir='ltr'><strong>a-</strong></span> 
     </span>
     <span class='ocr_line' id='line_1_9' title="bbox 295 770 1788 830; baseline 0 -16"><span class='ocrx_word' id='word_1_80' title='bbox 295 779 450 816; x_wconf 84' lang='lat' dir='ltr'><strong>verunt</strong></span> <span class='ocrx_word' id='word_1_81' title='bbox 487 788 542 815; x_wconf 86' lang='lat' dir='ltr'><strong>ex</strong></span> <span class='ocrx_word' id='word_1_82' title='bbox 581 773 690 826; x_wconf 90' lang='lat' dir='ltr'><strong>Deo,</strong></span> <span class='ocrx_word' id='word_1_83' title='bbox 733 773 807 830; x_wconf 91' lang='lat' dir='ltr'><strong>qui</strong></span> <span class='ocrx_word' id='word_1_84' title='bbox 843 787 1023 827; x_wconf 89' lang='lat' dir='ltr'><strong>regnum</strong></span> <span class='ocrx_word' id='word_1_85' title='bbox 1067 772 1338 828; x_wconf 88' lang='lat' dir='ltr'><strong>arripuerunt</strong></span> <span class='ocrx_word' id='word_1_86' title='bbox 1378 771 1604 827; x_wconf 83' lang='lat' dir='ltr'><strong>superstite</strong></span> <span class='ocrx_word' id='word_1_87' title='bbox 1646 785 1674 814; x_wconf 87' lang='lat' dir='ltr'><strong>a</strong></span> <span class='ocrx_word' id='word_1_88' title='bbox 1704 770 1788 814; x_wconf 89' lang='lat' dir='ltr'><strong>huc</strong></span> 
     </span>
     <span class='ocr_line' id='line_1_10' title="bbox 294 827 1788 886; baseline -0.001 -16"><span class='ocrx_word' id='word_1_89' title='bbox 294 844 397 886; x_wconf 86' lang='lat' dir='ltr'><strong>rege</strong></span> <span class='ocrx_word' id='word_1_90' title='bbox 436 843 526 881; x_wconf 85' lang='lat' dir='ltr'><strong>su0‚</strong></span> <span class='ocrx_word' id='word_1_91' title='bbox 567 829 639 885; x_wconf 92' lang='lat' dir='ltr'><strong>qui</strong></span> <span class='ocrx_word' id='word_1_92' title='bbox 677 843 755 884; x_wconf 91' lang='lat' dir='ltr'><strong>pro</strong></span> <span class='ocrx_word' id='word_1_93' title='bbox 793 829 986 885; x_wconf 85' lang='lat' dir='ltr'><strong>patribus</strong></span> <span class='ocrx_word' id='word_1_94' title='bbox 1024 830 1112 870; x_wconf 87' lang='lat' dir='ltr'><strong>suis</strong></span> <span class='ocrx_word' id='word_1_95' title='bbox 1153 828 1357 870; x_wconf 90' lang='lat' dir='ltr'><strong>successit</strong></span> <span class='ocrx_word' id='word_1_96' title='bbox 1394 828 1438 868; x_wconf 92' lang='lat' dir='ltr'><strong>in</strong></span> <span class='ocrx_word' id='word_1_97' title='bbox 1476 841 1656 882; x_wconf 90' lang='lat' dir='ltr'><strong>regnum</strong></span> <span class='ocrx_word' id='word_1_98' title='bbox 1694 827 1788 869; x_wconf 87' lang='lat' dir='ltr'><strong>iure</strong></span> 
     </span>
     <span class='ocr_line' id='line_1_11' title="bbox 296 883 1787 941; baseline -0.001 -14"><span class='ocrx_word' id='word_1_99' title='bbox 296 884 565 938; x_wconf 82' lang='lat' dir='ltr'><strong>hereditario,</strong></span> <span class='ocrx_word' id='word_1_100' title='bbox 610 885 723 941; x_wconf 91' lang='lat' dir='ltr'><strong>quod</strong></span> <span class='ocrx_word' id='word_1_101' title='bbox 761 885 853 927; x_wconf 89' lang='lat' dir='ltr'><strong>fieri</strong></span> <span class='ocrx_word' id='word_1_102' title='bbox 888 899 975 927; x_wconf 93' lang='lat' dir='ltr'><strong>non</strong></span> <span class='ocrx_word' id='word_1_103' title='bbox 1044 891 1157 927; x_wconf 90' lang='lat' dir='ltr'><strong>osset</strong></span> <span class='ocrx_word' id='word_1_104' title='bbox 1191 885 1274 926; x_wconf 90' lang='lat' dir='ltr'><strong>nisi</strong></span> <span class='ocrx_word' id='word_1_105' title='bbox 1312 899 1338 926; x_wconf 88' lang='lat' dir='ltr'><strong>a</strong></span> <span class='ocrx_word' id='word_1_106' title='bbox 1367 883 1476 926; x_wconf 88' lang='lat' dir='ltr'><strong>Deo.</strong></span> <span class='ocrx_word' id='word_1_107' title='bbox 1534 883 1634 925; x_wconf 94' lang='lat' dir='ltr'><strong>Duo</strong></span> <span class='ocrx_word' id='word_1_108' title='bbox 1673 883 1787 926; x_wconf 89' lang='lat' dir='ltr'><strong>enim</strong></span> 
     </span>
     <span class='ocr_line' id='line_1_12' title="bbox 294 937 1787 998; baseline -0.001 -14"><span class='ocrx_word' id='word_1_109' title='bbox 294 956 418 998; x_wconf 90' lang='lat' dir='ltr'><strong>reges</strong></span> <span class='ocrx_word' id='word_1_110' title='bbox 431 950 460 995; x_wconf 90' lang='lat'><strong>¹,</strong></span> <span class='ocrx_word' id='word_1_111' title='bbox 499 955 610 983; x_wconf 89' lang='lat' dir='ltr'><strong>unus</strong></span> <span class='ocrx_word' id='word_1_112' title='bbox 648 948 746 998; x_wconf 88' lang='lat' dir='ltr'><strong>post</strong></span> <span class='ocrx_word' id='word_1_113' title='bbox 781 956 929 996; x_wconf 92' lang='lat' dir='ltr'><strong>unum,</strong></span> <span class='ocrx_word' id='word_1_114' title='bbox 964 955 1013 983; x_wconf 86' lang='lat' dir='ltr'><strong>su</strong></span> <span class='ocrx_word' id='word_1_115' title='bbox 1047 941 1181 983; x_wconf 87' lang='lat' dir='ltr'><strong>stituti</strong></span> <span class='ocrx_word' id='word_1_116' title='bbox 1211 945 1308 982; x_wconf 91' lang='lat' dir='ltr'><strong>sunt</strong></span> <span class='ocrx_word' id='word_1_117' title='bbox 1336 940 1491 982; x_wconf 88' lang='lat' dir='ltr'><strong>nostris</strong></span> <span class='ocrx_word' id='word_1_118' title='bbox 1520 937 1787 996; x_wconf 85' lang='lat' dir='ltr'><strong>temporibus</strong></span> 
     </span>
     <span class='ocr_line' id='line_1_13' title="bbox 295 997 1786 1063; baseline -0.002 -23"><span class='ocrx_word' id='word_1_119' title='bbox 295 1013 322 1040; x_wconf 82' lang='lat' dir='ltr'><strong>a</strong></span> <span class='ocrx_word' id='word_1_120' title='bbox 349 1004 471 1054; x_wconf 90' lang='lat' dir='ltr'><strong>parte</strong></span> <span class='ocrx_word' id='word_1_121' title='bbox 501 997 743 1063; x_wconf 82' lang='lat' dir='ltr'><strong>principum</strong></span> <span class='ocrx_word' id='word_1_122' title='bbox 773 1005 814 1040; x_wconf 89' lang='lat' dir='ltr'><strong>et</strong></span> <span class='ocrx_word' id='word_1_123' title='bbox 874 1003 1010 1039; x_wconf 84' lang='lat' dir='ltr'><strong>artem</strong></span> <span class='ocrx_word' id='word_1_124' title='bbox 1038 997 1160 1053; x_wconf 87' lang='lat' dir='ltr'><strong>regni</strong></span> <span class='ocrx_word' id='word_1_125' title='bbox 1189 1002 1429 1050; x_wconf 86' lang='lat' dir='ltr'><strong>tenuerunt,</strong></span> <span class='ocrx_word' id='word_1_126' title='bbox 1461 1002 1504 1038; x_wconf 89' lang='lat' dir='ltr'><strong>et</strong></span> <span class='ocrx_word' id='word_1_127' title='bbox 1522 1010 1608 1038; x_wconf 90' lang='lat' dir='ltr'><strong>non</strong></span> <span class='ocrx_word' id='word_1_128' title='bbox 1627 1000 1786 1050; x_wconf 83' lang='lat' dir='ltr'><strong>totum3</strong></span> 
     </span>
     <span class='ocr_line' id='line_1_14' title="bbox 297 1052 1788 1111; baseline -0.001 -15"><span class='ocrx_word' id='word_1_129' title='bbox 297 1054 413 1111; x_wconf 89' lang='lat' dir='ltr'><strong>quod</strong></span> <span class='ocrx_word' id='word_1_130' title='bbox 452 1053 614 1096; x_wconf 75' lang='lat' dir='ltr'><strong>scilicet</strong></span> <span class='ocrx_word' id='word_1_131' title='bbox 653 1052 812 1096; x_wconf 86' lang='lat' dir='ltr'><strong>‘totum&#39;</strong></span> <span class='ocrx_word' id='word_1_132' title='bbox 879 1053 978 1096; x_wconf 86' lang='lat' dir='ltr'><strong>abet</strong></span> <span class='ocrx_word' id='word_1_133' title='bbox 1011 1067 1214 1109; x_wconf 88' lang='lat' dir='ltr'><strong>magnum</strong></span> <span class='ocrx_word' id='word_1_134' title='bbox 1283 1052 1424 1095; x_wconf 86' lang='lat' dir='ltr'><strong>ietatis</strong></span> <span class='ocrx_word' id='word_1_135' title='bbox 1462 1052 1714 1108; x_wconf 80' lang='lat' dir='ltr'><strong>mysterium</strong></span> <span class='ocrx_word' id='word_1_136' title='bbox 1743 1052 1788 1094; x_wconf 92' lang='lat' dir='ltr'><strong>in</strong></span> 
     </span>
     <span class='ocr_line' id='line_1_15' title="bbox 121 1107 1788 1166; baseline -0.002 -14"><span class='ocrx_word' id='word_1_137' title='bbox 121 1113 282 1147; x_wconf 40' lang='lat' dir='ltr'><strong>Act-⁵³³8</strong></span> <span class='ocrx_word' id='word_1_138' title='bbox 297 1111 458 1153; x_wconf 86' lang='lat' dir='ltr'><strong>unitate</strong></span> <span class='ocrx_word' id='word_1_139' title='bbox 495 1108 698 1152; x_wconf 90' lang='lat' dir='ltr'><strong>fidelium.</strong></span> <span class='ocrx_word' id='word_1_140' title='bbox 759 1109 845 1152; x_wconf 88' lang='lat' dir='ltr'><strong>Sed</strong></span> <span class='ocrx_word' id='word_1_141' title='bbox 883 1110 984 1166; x_wconf 87' lang='lat' dir='ltr'><strong>quia</strong></span> <span class='ocrx_word' id='word_1_142' title='bbox 1012 1108 1093 1151; x_wconf 89' lang='lat' dir='ltr'><strong>hoc</strong></span> <span class='ocrx_word' id='word_1_143' title='bbox 1128 1109 1246 1150; x_wconf 87' lang='lat' dir='ltr'><strong>consi</strong></span> <span class='ocrx_word' id='word_1_144' title='bbox 1264 1109 1352 1150; x_wconf 90' lang='lat' dir='ltr'><strong>ium</strong></span> <span class='ocrx_word' id='word_1_145' title='bbox 1390 1114 1432 1150; x_wconf 91' lang='lat' dir='ltr'><strong>et</strong></span> <span class='ocrx_word' id='word_1_146' title='bbox 1467 1107 1548 1150; x_wconf 90' lang='lat' dir='ltr'><strong>hoc</strong></span> <span class='ocrx_word' id='word_1_147' title='bbox 1588 1122 1695 1164; x_wconf 87' lang='lat' dir='ltr'><strong>opus</strong></span> <span class='ocrx_word' id='word_1_148' title='bbox 1731 1122 1788 1150; x_wconf 87' lang='lat' dir='ltr'><strong>ex</strong></span> 
     </span>
     <span class='ocr_line' id='line_1_16' title="bbox 165 1164 1787 1222; baseline -0.001 -14"><span class='ocrx_word' id='word_1_149' title='bbox 165 1167 198 1173; x_wconf 82' lang='grc'><em>“</em></span> <span class='ocrx_word' id='word_1_150' title='bbox 245 1174 250 1180; x_wconf 91' lang='grc'><strong>’</strong></span> <span class='ocrx_word' id='word_1_151' title='bbox 294 1165 538 1209; x_wconf 91' lang='lat' dir='ltr'><strong>hominibus</strong></span> <span class='ocrx_word' id='word_1_152' title='bbox 567 1173 670 1220; x_wconf 87' lang='lat' dir='ltr'><strong>erat,</strong></span> <span class='ocrx_word' id='word_1_153' title='bbox 700 1165 954 1208; x_wconf 87' lang='lat' dir='ltr'><strong>dissolutum</strong></span> <span class='ocrx_word' id='word_1_154' title='bbox 984 1171 1062 1218; x_wconf 83' lang='lat' dir='ltr'><strong>est,</strong></span> <span class='ocrx_word' id='word_1_155' title='bbox 1093 1165 1206 1222; x_wconf 89' lang='lat' dir='ltr'><strong>quod</strong></span> <span class='ocrx_word' id='word_1_156' title='bbox 1237 1179 1291 1207; x_wconf 87' lang='lat' dir='ltr'><strong>ex</strong></span> <span class='ocrx_word' id='word_1_157' title='bbox 1312 1164 1407 1207; x_wconf 88' lang='lat' dir='ltr'><strong>Deo</strong></span> <span class='ocrx_word' id='word_1_158' title='bbox 1436 1178 1522 1206; x_wconf 91' lang='lat' dir='ltr'><strong>non</strong></span> <span class='ocrx_word' id='word_1_159' title='bbox 1552 1170 1660 1218; x_wconf 69' lang='lat' dir='ltr'><strong>erat,</strong></span> <span class='ocrx_word' id='word_1_160' title='bbox 1684 1178 1787 1220; x_wconf 93' lang='lat' dir='ltr'><strong>quo-</strong></span> 
     </span>
     <span class='ocr_line' id='line_1_17' title="bbox 294 1222 1785 1279; baseline -0.001 -16"><span class='ocrx_word' id='word_1_161' title='bbox 294 1223 410 1264; x_wconf 89' lang='lat' dir='ltr'><strong>niam</strong></span> <span class='ocrx_word' id='word_1_162' title='bbox 446 1227 544 1279; x_wconf 89' lang='lat' dir='ltr'><strong>post</strong></span> <span class='ocrx_word' id='word_1_163' title='bbox 585 1223 716 1265; x_wconf 90' lang='lat' dir='ltr'><strong>breve</strong></span> <span class='ocrx_word' id='word_1_164' title='bbox 753 1223 958 1278; x_wconf 86' lang='lat' dir='ltr'><strong>temporis</strong></span> <span class='ocrx_word' id='word_1_165' title='bbox 999 1222 1182 1278; x_wconf 86' lang='lat' dir='ltr'><strong>spatium</strong></span> <span class='ocrx_word' id='word_1_166' title='bbox 1227 1222 1365 1277; x_wconf 86' lang='lat' dir='ltr'><strong>ipsam</strong></span> <span class='ocrx_word' id='word_1_167' title='bbox 1410 1234 1495 1277; x_wconf 90' lang='lat' dir='ltr'><strong>quo</strong></span> <span class='ocrx_word' id='word_1_168' title='bbox 1529 1234 1582 1262; x_wconf 90' lang='lat' dir='ltr'><strong>ue</strong></span> <span class='ocrx_word' id='word_1_169' title='bbox 1618 1226 1785 1276; x_wconf 86' lang='lat' dir='ltr'><strong>partem</strong></span> 
     </span>
     <span class='ocr_line' id='line_1_18' title="bbox 294 1276 1786 1335; baseline -0.002 -15"><span class='ocrx_word' id='word_1_170' title='bbox 294 1279 418 1334; x_wconf 86' lang='lat' dir='ltr'><strong>regni</strong></span> <span class='ocrx_word' id='word_1_171' title='bbox 460 1279 631 1335; x_wconf 84' lang='lat' dir='ltr'><strong>utrique</strong></span> <span class='ocrx_word' id='word_1_172' title='bbox 674 1279 920 1329; x_wconf 85' lang='lat' dir='ltr'><strong>amiserunt,</strong></span> <span class='ocrx_word' id='word_1_173' title='bbox 965 1285 1006 1320; x_wconf 89' lang='lat' dir='ltr'><strong>et</strong></span> <span class='ocrx_word' id='word_1_174' title='bbox 1044 1292 1153 1319; x_wconf 92' lang='lat' dir='ltr'><strong>unus</strong></span> <span class='ocrx_word' id='word_1_175' title='bbox 1191 1278 1235 1318; x_wconf 90' lang='lat' dir='ltr'><strong>in</strong></span> <span class='ocrx_word' id='word_1_176' title='bbox 1274 1276 1450 1334; x_wconf 85' lang='lat' dir='ltr'><strong>proelio,</strong></span> <span class='ocrx_word' id='word_1_177' title='bbox 1489 1282 1596 1318; x_wconf 86' lang='lat' dir='ltr'><strong>ater</strong></span> <span class='ocrx_word' id='word_1_178' title='bbox 1629 1276 1675 1317; x_wconf 92' lang='lat' dir='ltr'><strong>in</strong></span> <span class='ocrx_word' id='word_1_179' title='bbox 1714 1291 1786 1319; x_wconf 85' lang='lat' dir='ltr'><strong>ex-</strong></span> 
     </span>
     <span class='ocr_line' id='line_1_19' title="bbox 295 1331 1786 1391; baseline -0.001 -15"><span class='ocrx_word' id='word_1_180' title='bbox 295 1335 558 1391; x_wconf 85' lang='lat' dir='ltr'><strong>pugnatione</strong></span> <span class='ocrx_word' id='word_1_181' title='bbox 596 1334 722 1376; x_wconf 84' lang='lat' dir='ltr'><strong>unius</strong></span> <span class='ocrx_word' id='word_1_182' title='bbox 762 1333 922 1376; x_wconf 83' lang='lat' dir='ltr'><strong>castelli</strong></span> <span class='ocrx_word' id='word_1_183' title='bbox 957 1331 1255 1376; x_wconf 85' lang='lat' dir='ltr'><strong>miserabiliter</strong></span> <span class='ocrx_word' id='word_1_184' title='bbox 1288 1333 1519 1389; x_wconf 86' lang='lat' dir='ltr'><strong>perierunt,</strong></span> <span class='ocrx_word' id='word_1_185' title='bbox 1558 1332 1786 1388; x_wconf 82' lang='lat' dir='ltr'><strong>superstite</strong></span> 
     </span>
     <span class='ocr_line' id='line_1_20' title="bbox 296 1388 1787 1447; baseline -0.002 -14"><span class='ocrx_word' id='word_1_186' title='bbox 296 1405 346 1433; x_wconf 89' lang='lat' dir='ltr'><strong>eo</strong></span> <span class='ocrx_word' id='word_1_187' title='bbox 390 1391 458 1432; x_wconf 88' lang='lat' dir='ltr'><strong>cui</strong></span> <span class='ocrx_word' id='word_1_188' title='bbox 493 1396 681 1447; x_wconf 87' lang='lat' dir='ltr'><strong>potestas</strong></span> <span class='ocrx_word' id='word_1_189' title='bbox 721 1388 820 1433; x_wconf 88' lang='lat' dir='ltr'><strong>data</strong></span> <span class='ocrx_word' id='word_1_190' title='bbox 855 1396 921 1432; x_wconf 88' lang='lat' dir='ltr'><strong>est</strong></span> <span class='ocrx_word' id='word_1_191' title='bbox 959 1405 985 1432; x_wconf 93' lang='lat' dir='ltr'><strong>a</strong></span> <span class='ocrx_word' id='word_1_192' title='bbox 1022 1390 1132 1443; x_wconf 85' lang='lat' dir='ltr'><strong>Deo,</strong></span> <span class='ocrx_word' id='word_1_193' title='bbox 1201 1403 1298 1430; x_wconf 88' lang='lat' dir='ltr'><strong>uam</strong></span> <span class='ocrx_word' id='word_1_194' title='bbox 1337 1388 1499 1431; x_wconf 89' lang='lat' dir='ltr'><strong>scilicet</strong></span> <span class='ocrx_word' id='word_1_195' title='bbox 1533 1393 1787 1445; x_wconf 85' lang='lat' dir='ltr'><strong>potestatem</strong></span> 
     </span>
     <span class='ocr_line' id='line_1_21' title="bbox 295 1404 1788 1504; baseline -0.001 -16"><span class='ocrx_word' id='word_1_196' title='bbox 295 1462 375 1490; x_wconf 91' lang='lat' dir='ltr'><strong>nec</strong></span> <span class='ocrx_word' id='word_1_197' title='bbox 411 1447 627 1504; x_wconf 85' lang='lat' dir='ltr'><strong>principes</strong></span> <span class='ocrx_word' id='word_1_198' title='bbox 665 1461 744 1488; x_wconf 87' lang='lat' dir='ltr'><strong>nec</strong></span> <span class='ocrx_word' id='word_1_199' title='bbox 780 1445 964 1502; x_wconf 90' lang='lat' dir='ltr'><strong>populus</strong></span> <span class='ocrx_word' id='word_1_200' title='bbox 993 1445 1125 1502; x_wconf 85' lang='lat' dir='ltr'><strong>partis</strong></span> <span class='ocrx_word' id='word_1_201' title='bbox 1155 1404 1268 1487; x_wconf 75' lang='lat' dir='ltr'><strong>illius</strong></span> <span class='ocrx_word' id='word_1_202' title='bbox 1298 1443 1528 1487; x_wconf 87' lang='lat' dir='ltr'><strong>dissolvere</strong></span> <span class='ocrx_word' id='word_1_203' title='bbox 1558 1450 1788 1501; x_wconf 89' lang='lat' dir='ltr'><strong>potuerunt</strong></span> 
     </span>
     <span class='ocr_line' id='line_1_22' title="bbox 295 1500 1785 1559; baseline -0.003 -14"><span class='ocrx_word' id='word_1_204' title='bbox 295 1503 381 1545; x_wconf 92' lang='lat' dir='ltr'><strong>ullo</strong></span> <span class='ocrx_word' id='word_1_205' title='bbox 425 1503 568 1557; x_wconf 81' lang='lat' dir='ltr'><strong>modo,</strong></span> <span class='ocrx_word' id='word_1_206' title='bbox 613 1502 959 1559; x_wconf 89' lang='lat' dir='ltr'><strong>quandoquidem</strong></span> <span class='ocrx_word' id='word_1_207' title='bbox 1008 1503 1092 1558; x_wconf 89' lang='lat' dir='ltr'><strong>ipsi</strong></span> <span class='ocrx_word' id='word_1_208' title='bbox 1137 1516 1308 1558; x_wconf 90' lang='lat' dir='ltr'><strong>quoque</strong></span> <span class='ocrx_word' id='word_1_209' title='bbox 1355 1501 1447 1556; x_wconf 87' lang='lat' dir='ltr'><strong>regi</strong></span> <span class='ocrx_word' id='word_1_210' title='bbox 1491 1501 1657 1558; x_wconf 88' lang='lat' dir='ltr'><strong>possint</strong></span> <span class='ocrx_word' id='word_1_211' title='bbox 1699 1500 1785 1542; x_wconf 88' lang='lat' dir='ltr'><strong>iam</strong></span> 
     </span>
     <span class='ocr_line' id='line_1_23' title="bbox 297 1556 1786 1613; baseline -0.002 -12"><span class='ocrx_word' id='word_1_212' title='bbox 297 1559 481 1601; x_wconf 85' lang='lat' dir='ltr'><strong>donante</strong></span> <span class='ocrx_word' id='word_1_213' title='bbox 512 1560 607 1600; x_wconf 90' lang='lat' dir='ltr'><strong>Deo</strong></span> <span class='ocrx_word' id='word_1_214' title='bbox 645 1558 722 1600; x_wconf 88' lang='lat' dir='ltr'><strong>filii</strong></span> <span class='ocrx_word' id='word_1_215' title='bbox 760 1558 988 1600; x_wconf 85' lang='lat' dir='ltr'><strong>succedere</strong></span> <span class='ocrx_word' id='word_1_216' title='bbox 1026 1559 1072 1600; x_wconf 89' lang='lat' dir='ltr'><strong>in</strong></span> <span class='ocrx_word' id='word_1_217' title='bbox 1104 1572 1297 1613; x_wconf 85' lang='lat' dir='ltr'><strong>regnum,</strong></span> <span class='ocrx_word' id='word_1_218' title='bbox 1338 1558 1446 1598; x_wconf 88' lang='lat' dir='ltr'><strong>sicut</strong></span> <span class='ocrx_word' id='word_1_219' title='bbox 1473 1557 1564 1612; x_wconf 88' lang='lat' dir='ltr'><strong>ipse</strong></span> <span class='ocrx_word' id='word_1_220' title='bbox 1592 1556 1786 1612; x_wconf 85' lang='lat' dir='ltr'><strong>patribus</strong></span> 
     </span>
     <span class='ocr_line' id='line_1_24' title="bbox 297 1614 1786 1670; baseline -0.002 -13"><span class='ocrx_word' id='word_1_221' title='bbox 297 1616 383 1657; x_wconf 80' lang='lat' dir='ltr'><strong>suis</strong></span> <span class='ocrx_word' id='word_1_222' title='bbox 421 1615 624 1657; x_wconf 87' lang='lat' dir='ltr'><strong>successit</strong></span> <span class='ocrx_word' id='word_1_223' title='bbox 663 1616 708 1656; x_wconf 93' lang='lat' dir='ltr'><strong>in</strong></span> <span class='ocrx_word' id='word_1_224' title='bbox 743 1629 936 1670; x_wconf 85' lang='lat' dir='ltr'><strong>regnum.</strong></span> <span class='ocrx_word' id='word_1_225' title='bbox 994 1614 1155 1670; x_wconf 64' lang='lat' dir='ltr'><strong>‘Ergoz</strong></span> <span class='ocrx_word' id='word_1_226' title='bbox 1197 1614 1334 1655; x_wconf 88' lang='lat' dir='ltr'><strong>omnis</strong></span> <span class='ocrx_word' id='word_1_227' title='bbox 1374 1619 1576 1669; x_wconf 80' lang='lat' dir='ltr'><strong>potestas,</strong></span> <span class='ocrx_word' id='word_1_228' title='bbox 1615 1626 1725 1668; x_wconf 85' lang='lat' dir='ltr'><strong>quae</strong></span> <span class='ocrx_word' id='word_1_229' title='bbox 1760 1627 1786 1655; x_wconf 86' lang='lat' dir='ltr'><strong>a</strong></span> 
     </span>
     <span class='ocr_line' id='line_1_25' title="bbox 297 1668 1787 1735; baseline -0.003 -21"><span class='ocrx_word' id='word_1_230' title='bbox 297 1672 391 1714; x_wconf 91' lang='lat' dir='ltr'><strong>Deo</strong></span> <span class='ocrx_word' id='word_1_231' title='bbox 421 1677 496 1725; x_wconf 85' lang='lat' dir='ltr'><strong>est,</strong></span> <span class='ocrx_word' id='word_1_232' title='bbox 527 1671 676 1726; x_wconf 88' lang='lat' dir='ltr'><strong>utique</strong></span> <span class='ocrx_word' id='word_1_233' title='bbox 705 1670 819 1712; x_wconf 92' lang='lat' dir='ltr'><strong>bona</strong></span> <span class='ocrx_word' id='word_1_234' title='bbox 839 1677 916 1723; x_wconf 86' lang='lat' dir='ltr'><strong>est,</strong></span> <span class='ocrx_word' id='word_1_235' title='bbox 947 1685 1075 1735; x_wconf 80' lang='lat' dir='ltr'><strong>quam</strong></span> <span class='ocrx_word' id='word_1_236' title='bbox 1105 1669 1255 1711; x_wconf 88' lang='lat' dir='ltr'><strong>tribuit</strong></span> <span class='ocrx_word' id='word_1_237' title='bbox 1273 1669 1394 1711; x_wconf 87' lang='lat' dir='ltr'><strong>Deus</strong></span> <span class='ocrx_word' id='word_1_238' title='bbox 1424 1668 1549 1710; x_wconf 91' lang='lat' dir='ltr'><strong>bonis</strong></span> <span class='ocrx_word' id='word_1_239' title='bbox 1579 1674 1620 1710; x_wconf 87' lang='lat' dir='ltr'><strong>et</strong></span> <span class='ocrx_word' id='word_1_240' title='bbox 1648 1668 1787 1723; x_wconf 82' lang='lat' dir='ltr'><strong>malis,</strong></span> 
     </span>
     <span class='ocr_line' id='line_1_26' title="bbox 297 1723 1786 1783; baseline -0.002 -14"><span class='ocrx_word' id='word_1_241' title='bbox 297 1734 344 1770; x_wconf 92' lang='lat' dir='ltr'><strong>ut</strong></span> <span class='ocrx_word' id='word_1_242' title='bbox 372 1727 455 1783; x_wconf 86' lang='lat' dir='ltr'><strong>ipsi</strong></span> <span class='ocrx_word' id='word_1_243' title='bbox 515 1726 638 1780; x_wconf 82' lang='lat' dir='ltr'><strong>lacet,</strong></span> <span class='ocrx_word' id='word_1_244' title='bbox 678 1727 746 1768; x_wconf 91' lang='lat' dir='ltr'><strong>cui</strong></span> <span class='ocrx_word' id='word_1_245' title='bbox 776 1725 880 1768; x_wconf 89' lang='lat' dir='ltr'><strong>nihil</strong></span> <span class='ocrx_word' id='word_1_246' title='bbox 910 1727 1066 1768; x_wconf 80' lang='lat' dir='ltr'><strong>iniuste</strong></span> <span class='ocrx_word' id='word_1_247' title='bbox 1095 1724 1289 1782; x_wconf 81' lang='lat' dir='ltr'><strong>placet&#39;³.</strong></span> <span class='ocrx_word' id='word_1_248' title='bbox 1349 1724 1474 1767; x_wconf 87' lang='lat' dir='ltr'><strong>Certe</strong></span> <span class='ocrx_word' id='word_1_249' title='bbox 1501 1723 1786 1767; x_wconf 87' lang='lat' dir='ltr'><strong>Nabuchodo-</strong></span> 
     </span>
     <span class='ocr_line' id='line_1_27' title="bbox 296 1742 1846 1838; baseline -0.001 -14"><span class='ocrx_word' id='word_1_250' title='bbox 296 1797 424 1825; x_wconf 91' lang='lat' dir='ltr'><strong>nosor</strong></span> <span class='ocrx_word' id='word_1_251' title='bbox 469 1742 624 1825; x_wconf 64' lang='lat' dir='ltr'><strong>‹iicitur</strong></span> <span class='ocrx_word' id='word_1_252' title='bbox 666 1783 711 1824; x_wconf 92' lang='lat' dir='ltr'><strong>in</strong></span> <span class='ocrx_word' id='word_1_253' title='bbox 754 1781 863 1824; x_wconf 90' lang='lat' dir='ltr'><strong>libro</strong></span> <span class='ocrx_word' id='word_1_254' title='bbox 893 1781 1087 1824; x_wconf 88' lang='lat' dir='ltr'><strong>Danielis</strong></span> <span class='ocrx_word' id='word_1_255' title='bbox 1127 1781 1360 1838; x_wconf 87' lang='lat' dir='ltr'><strong>prophetae</strong></span> <span class='ocrx_word' id='word_1_256' title='bbox 1402 1795 1481 1822; x_wconf 85' lang='lat' dir='ltr'><strong>rex</strong></span> <span class='ocrx_word' id='word_1_257' title='bbox 1518 1780 1700 1823; x_wconf 87' lang='lat' dir='ltr'><strong>iniustus</strong></span> <span class='ocrx_word' id='word_1_258' title='bbox 1745 1786 1787 1823; x_wconf 90' lang='lat' dir='ltr'><strong>et</strong></span> <span class='ocrx_word' id='word_1_259' title='bbox 1844 1804 1846 1806; x_wconf 31' lang='lat' dir='ltr'><strong>v</strong></span> 
     </span>
     <span class='ocr_line' id='line_1_28' title="bbox 295 1835 1787 1895; baseline -0.002 -14"><span class='ocrx_word' id='word_1_260' title='bbox 295 1838 407 1882; x_wconf 90' lang='lat' dir='ltr'><strong>ultra</strong></span> <span class='ocrx_word' id='word_1_261' title='bbox 446 1854 614 1881; x_wconf 90' lang='lat' dir='ltr'><strong>omnem</strong></span> <span class='ocrx_word' id='word_1_262' title='bbox 650 1844 807 1881; x_wconf 89' lang='lat' dir='ltr'><strong>terram</strong></span> <span class='ocrx_word' id='word_1_263' title='bbox 846 1839 1017 1895; x_wconf 87' lang='lat' dir='ltr'><strong>impius,</strong></span> <span class='ocrx_word' id='word_1_264' title='bbox 1057 1844 1099 1880; x_wconf 86' lang='lat' dir='ltr'><strong>et</strong></span> <span class='ocrx_word' id='word_1_265' title='bbox 1136 1844 1279 1879; x_wconf 87' lang='lat' dir='ltr'><strong>tamen</strong></span> <span class='ocrx_word' id='word_1_266' title='bbox 1319 1837 1388 1878; x_wconf 88' lang='lat' dir='ltr'><strong>hic</strong></span> <span class='ocrx_word' id='word_1_267' title='bbox 1423 1835 1519 1879; x_wconf 88' lang='lat' dir='ltr'><strong>talis</strong></span> <span class='ocrx_word' id='word_1_268' title='bbox 1559 1835 1787 1878; x_wconf 90' lang='lat' dir='ltr'><strong>Nabucho-</strong></span> 
     </span>
     <span class='ocr_line' id='line_1_29' title="bbox 298 1892 1787 1949; baseline -0.002 -12"><span class='ocrx_word' id='word_1_269' title='bbox 298 1895 495 1949; x_wconf 89' lang='lat' dir='ltr'><strong>donosor,</strong></span> <span class='ocrx_word' id='word_1_270' title='bbox 526 1895 579 1937; x_wconf 90' lang='lat' dir='ltr'><strong>de</strong></span> <span class='ocrx_word' id='word_1_271' title='bbox 610 1895 732 1937; x_wconf 87' lang='lat' dir='ltr'><strong>cuius</strong></span> <span class='ocrx_word' id='word_1_272' title='bbox 761 1895 888 1937; x_wconf 87' lang='lat' dir='ltr'><strong>etiam</strong></span> <span class='ocrx_word' id='word_1_273' title='bbox 919 1895 1090 1936; x_wconf 89' lang='lat' dir='ltr'><strong>interitu</strong></span> <span class='ocrx_word' id='word_1_274' title='bbox 1119 1892 1252 1935; x_wconf 84' lang='lat' dir='ltr'><strong>multa</strong></span> <span class='ocrx_word' id='word_1_275' title='bbox 1270 1892 1480 1934; x_wconf 86' lang='lat' dir='ltr'><strong>horrenda</strong></span> <span class='ocrx_word' id='word_1_276' title='bbox 1494 1892 1787 1935; x_wconf 76' lang='lat' dir='ltr'><strong>vaticinantur</strong></span> 
     </span>
     <span class='ocr_line' id='line_1_30' title="bbox 296 1949 1787 2008; baseline -0.002 -14"><span class='ocrx_word' id='word_1_277' title='bbox 296 1966 374 2007; x_wconf 88' lang='lat' dir='ltr'><strong>per</strong></span> <span class='ocrx_word' id='word_1_278' title='bbox 393 1951 627 2008; x_wconf 87' lang='lat' dir='ltr'><strong>prophetas</strong></span> <span class='ocrx_word' id='word_1_279' title='bbox 649 1951 838 2005; x_wconf 84' lang='lat' dir='ltr'><strong>Domini,</strong></span> <span class='ocrx_word' id='word_1_280' title='bbox 858 1950 941 2005; x_wconf 85' lang='lat' dir='ltr'><strong>hic,</strong></span> <span class='ocrx_word' id='word_1_281' title='bbox 962 1950 1137 2006; x_wconf 88' lang='lat' dir='ltr'><strong>inquam</strong></span> <span class='ocrx_word' id='word_1_282' title='bbox 1147 1956 1176 2003; x_wconf 76' lang='lat'><strong>³,</strong></span> <span class='ocrx_word' id='word_1_283' title='bbox 1207 1949 1364 1991; x_wconf 90' lang='lat' dir='ltr'><strong>dicitur</strong></span> <span class='ocrx_word' id='word_1_284' title='bbox 1384 1963 1409 1990; x_wconf 88' lang='lat' dir='ltr'><strong>a</strong></span> <span class='ocrx_word' id='word_1_285' title='bbox 1428 1949 1616 1991; x_wconf 92' lang='lat' dir='ltr'><strong>Domino</strong></span> <span class='ocrx_word' id='word_1_286' title='bbox 1638 1963 1787 1991; x_wconf 88' lang='lat' dir='ltr'><strong>servus</strong></span> 
     </span>
     <span class='ocr_line' id='line_1_31' title="bbox 296 2005 1790 2063; baseline -0.002 -14"><span class='ocrx_word' id='word_1_287' title='bbox 296 2008 394 2060; x_wconf 91' lang='lat' dir='ltr'><strong>Dei,</strong></span> <span class='ocrx_word' id='word_1_288' title='bbox 424 2022 509 2050; x_wconf 90' lang='lat' dir='ltr'><strong>non</strong></span> <span class='ocrx_word' id='word_1_289' title='bbox 539 2007 649 2049; x_wconf 86' lang='lat' dir='ltr'><strong>sicut</strong></span> <span class='ocrx_word' id='word_1_290' title='bbox 677 2007 911 2063; x_wconf 90' lang='lat' dir='ltr'><strong>prophetae</strong></span> <span class='ocrx_word' id='word_1_291' title='bbox 940 2013 981 2048; x_wconf 89' lang='lat' dir='ltr'><strong>et</strong></span> <span class='ocrx_word' id='word_1_292' title='bbox 1010 2021 1156 2048; x_wconf 90' lang='lat' dir='ltr'><strong>omnes</strong></span> <span class='ocrx_word' id='word_1_293' title='bbox 1187 2006 1334 2058; x_wconf 83' lang='lat' dir='ltr'><strong>sancti,</strong></span> <span class='ocrx_word' id='word_1_294' title='bbox 1366 2005 1439 2062; x_wconf 92' lang='lat' dir='ltr'><strong>qui</strong></span> <span class='ocrx_word' id='word_1_295' title='bbox 1467 2019 1569 2047; x_wconf 87' lang='lat' dir='ltr'><strong>vere</strong></span> <span class='ocrx_word' id='word_1_296' title='bbox 1598 2005 1790 2047; x_wconf 87' lang='lat' dir='ltr'><strong>serviunt</strong></span> 
     </span>
     <span class='ocr_line' id='line_1_32' title="bbox 296 2061 1791 2120; baseline -0.001 -14"><span class='ocrx_word' id='word_1_297' title='bbox 296 2064 499 2118; x_wconf 84' lang='lat' dir='ltr'><strong>Domino,</strong></span> <span class='ocrx_word' id='word_1_298' title='bbox 529 2063 603 2106; x_wconf 87' lang='lat' dir='ltr'><strong>sed</strong></span> <span class='ocrx_word' id='word_1_299' title='bbox 634 2063 750 2120; x_wconf 85' lang='lat' dir='ltr'><strong>quod</strong></span> <span class='ocrx_word' id='word_1_300' title='bbox 778 2064 821 2105; x_wconf 92' lang='lat' dir='ltr'><strong>in</strong></span> <span class='ocrx_word' id='word_1_301' title='bbox 853 2063 1071 2106; x_wconf 87' lang='lat' dir='ltr'><strong>eversione</strong></span> <span class='ocrx_word' id='word_1_302' title='bbox 1099 2061 1367 2104; x_wconf 88' lang='lat' dir='ltr'><strong>Hierusalem</strong></span> <span class='ocrx_word' id='word_1_303' title='bbox 1389 2061 1566 2103; x_wconf 88' lang='lat' dir='ltr'><strong>Domini</strong></span> <span class='ocrx_word' id='word_1_304' title='bbox 1596 2061 1791 2104; x_wconf 85' lang='lat' dir='ltr'><strong>servierit</strong></span> 
     </span>
     <span class='ocr_line' id='line_1_33' title="bbox 298 2115 1788 2176; baseline -0.003 -14"><span class='ocrx_word' id='word_1_305' title='bbox 298 2119 526 2174; x_wconf 86' lang='lat' dir='ltr'><strong>voluntati,</strong></span> <span class='ocrx_word' id='word_1_306' title='bbox 578 2120 631 2162; x_wconf 89' lang='lat' dir='ltr'><strong>de</strong></span> <span class='ocrx_word' id='word_1_307' title='bbox 677 2134 761 2176; x_wconf 91' lang='lat' dir='ltr'><strong>quo</strong></span> <span class='ocrx_word' id='word_1_308' title='bbox 813 2120 874 2161; x_wconf 89' lang='lat' dir='ltr'><strong>sic</strong></span> <span class='ocrx_word' id='word_1_309' title='bbox 921 2118 1079 2175; x_wconf 86' lang='lat' dir='ltr'><strong>legitur</strong></span> <span class='ocrx_word' id='word_1_310' title='bbox 1121 2119 1166 2160; x_wconf 89' lang='lat' dir='ltr'><strong>in</strong></span> <span class='ocrx_word' id='word_1_311' title='bbox 1210 2118 1430 2160; x_wconf 85' lang='lat' dir='ltr'><strong>Hieremia</strong></span> <span class='ocrx_word' id='word_1_312' title='bbox 1475 2115 1686 2173; x_wconf 87' lang='lat' dir='ltr'><strong>propheta</strong></span> <span class='ocrx_word' id='word_1_313' title='bbox 1732 2131 1788 2160; x_wconf 87' lang='lat' dir='ltr'><strong>ex</strong></span> 
     </span>
     <span class='ocr_line' id='line_1_34' title="bbox 83 2174 1787 2232; baseline -0.004 -11"><span class='ocrx_word' id='word_1_314' title='bbox 83 2191 493 2229; x_wconf 76' lang='lat' dir='ltr'><strong>Ier.8⁷,6-8.Sermone</strong></span> <span class='ocrx_word' id='word_1_315' title='bbox 532 2176 733 2218; x_wconf 90' lang='lat' dir='ltr'><strong>Domini:</strong></span> <span class='ocrx_word' id='word_1_316' title='bbox 773 2176 883 2232; x_wconf 70' lang='lat' dir='ltr'><strong>Eyo,</strong></span> <span class='ocrx_word' id='word_1_317' title='bbox 921 2175 1070 2231; x_wconf 86' lang='lat' dir='ltr'><strong>inquit,</strong></span> <span class='ocrx_word' id='word_1_318' title='bbox 1111 2175 1213 2217; x_wconf 77' lang='lat' dir='ltr'><strong>dedi</strong></span> <span class='ocrx_word' id='word_1_319' title='bbox 1243 2189 1385 2216; x_wconf 85' lang='lat' dir='ltr'><strong>omnes</strong></span> <span class='ocrx_word' id='word_1_320' title='bbox 1422 2180 1563 2215; x_wconf 84' lang='lat' dir='ltr'><strong>terras</strong></span> <span class='ocrx_word' id='word_1_321' title='bbox 1600 2175 1710 2215; x_wconf 79' lang='lat' dir='ltr'><strong>istas</strong></span> <span class='ocrx_word' id='word_1_322' title='bbox 1737 2174 1787 2215; x_wconf 83' lang='lat' dir='ltr'><strong>in</strong></span> 
     </span>
     <span class='ocr_line' id='line_1_35' title="bbox 299 2229 1788 2287; baseline -0.004 -12"><span class='ocrx_word' id='word_1_323' title='bbox 299 2249 435 2275; x_wconf 83' lang='lat' dir='ltr'><strong>manu</strong></span> <span class='ocrx_word' id='word_1_324' title='bbox 465 2232 870 2274; x_wconf 74' lang='lat' dir='ltr'><strong>Nabuchodonosor</strong></span> <span class='ocrx_word' id='word_1_325' title='bbox 898 2233 1015 2287; x_wconf 71' lang='lat' dir='ltr'><strong>reyis</strong></span> <span class='ocrx_word' id='word_1_326' title='bbox 1045 2231 1304 2287; x_wconf 72' lang='lat' dir='ltr'><strong>Babylonis,</strong></span> <span class='ocrx_word' id='word_1_327' title='bbox 1337 2231 1450 2271; x_wconf 83' lang='lat' dir='ltr'><strong>servi</strong></span> <span class='ocrx_word' id='word_1_328' title='bbox 1477 2230 1575 2282; x_wconf 83' lang='lat' dir='ltr'><strong>mei,</strong></span> <span class='ocrx_word' id='word_1_329' title='bbox 1604 2229 1788 2284; x_wconf 76' lang='lat' dir='ltr'><strong>insuper</strong></span> 
     </span>
     <span class='ocr_line' id='line_1_36' title="bbox 300 2285 1787 2344; baseline -0.003 -15"><span class='ocrx_word' id='word_1_330' title='bbox 300 2296 337 2330; x_wconf 88' lang='lat' dir='ltr'><strong>et</strong></span> <span class='ocrx_word' id='word_1_331' title='bbox 368 2289 525 2332; x_wconf 79' lang='lat' dir='ltr'><strong>bestias</strong></span> <span class='ocrx_word' id='word_1_332' title='bbox 557 2290 661 2344; x_wconf 69' lang='lat' dir='ltr'><strong>aqri</strong></span> <span class='ocrx_word' id='word_1_333' title='bbox 691 2288 788 2330; x_wconf 76' lang='lat' dir='ltr'><strong>dedi</strong></span> <span class='ocrx_word' id='word_1_334' title='bbox 817 2289 870 2340; x_wconf 80' lang='lat' dir='ltr'><strong>ei,</strong></span> <span class='ocrx_word' id='word_1_335' title='bbox 901 2293 948 2328; x_wconf 90' lang='lat' dir='ltr'><strong>ut</strong></span> <span class='ocrx_word' id='word_1_336' title='bbox 976 2288 1168 2329; x_wconf 79' lang='lat' dir='ltr'><strong>serviant</strong></span> <span class='ocrx_word' id='word_1_337' title='bbox 1197 2285 1277 2339; x_wconf 76' lang='lat' dir='ltr'><em>illi,</em></span> <span class='ocrx_word' id='word_1_338' title='bbox 1306 2292 1344 2327; x_wconf 85' lang='lat' dir='ltr'><strong>et</strong></span> <span class='ocrx_word' id='word_1_339' title='bbox 1372 2286 1557 2327; x_wconf 85' lang='lat' dir='ltr'><strong>servient</strong></span> <span class='ocrx_word' id='word_1_340' title='bbox 1584 2286 1624 2327; x_wconf 84' lang='lat' dir='ltr'><strong>ei</strong></span> <span class='ocrx_word' id='word_1_341' title='bbox 1645 2298 1787 2326; x_wconf 87' lang='lat' dir='ltr'><strong>omnes</strong></span> 
     </span>
     <span class='ocr_line' id='line_1_37' title="bbox 300 2342 1787 2400; baseline -0.003 -14"><span class='ocrx_word' id='word_1_342' title='bbox 300 2352 445 2400; x_wconf 62' lang='lat' dir='ltr'><strong>gentes</strong></span> <span class='ocrx_word' id='word_1_343' title='bbox 476 2351 513 2386; x_wconf 88' lang='lat' dir='ltr'><strong>et</strong></span> <span class='ocrx_word' id='word_1_344' title='bbox 532 2345 630 2399; x_wconf 83' lang='lat' dir='ltr'><strong>filio</strong></span> <span class='ocrx_word' id='word_1_345' title='bbox 660 2346 752 2386; x_wconf 82' lang='lat' dir='ltr'><strong>eius</strong></span> <span class='ocrx_word' id='word_1_346' title='bbox 783 2349 821 2385; x_wconf 92' lang='lat' dir='ltr'><strong>et</strong></span> <span class='ocrx_word' id='word_1_347' title='bbox 839 2343 940 2397; x_wconf 83' lang='lat' dir='ltr'><strong>filio</strong></span> <span class='ocrx_word' id='word_1_348' title='bbox 960 2342 1054 2396; x_wconf 76' lang='lat' dir='ltr'><em>filii</em></span> <span class='ocrx_word' id='word_1_349' title='bbox 1073 2344 1165 2385; x_wconf 80' lang='lat' dir='ltr'><strong>eius</strong></span> <span class='ocrx_word' id='word_1_350' title='bbox 1174 2357 1189 2396; x_wconf 90' lang='lat'><em>;</em></span> <span class='ocrx_word' id='word_1_351' title='bbox 1219 2356 1325 2398; x_wconf 68' lang='lat' dir='ltr'><strong>qens</strong></span> <span class='ocrx_word' id='word_1_352' title='bbox 1357 2346 1498 2382; x_wconf 87' lang='lat' dir='ltr'><strong>autem</strong></span> <span class='ocrx_word' id='word_1_353' title='bbox 1526 2346 1565 2382; x_wconf 91' lang='lat' dir='ltr'><strong>et</strong></span> <span class='ocrx_word' id='word_1_354' title='bbox 1590 2355 1787 2396; x_wconf 73' lang='lat' dir='ltr'><strong>reynum,</strong></span> 
     </span>
     <span class='ocr_line' id='line_1_38' title="bbox 301 2395 1787 2456; baseline -0.003 -15"><span class='ocrx_word' id='word_1_355' title='bbox 301 2402 414 2456; x_wconf 78' lang='lat' dir='ltr'><strong>quod</strong></span> <span class='ocrx_word' id='word_1_356' title='bbox 445 2415 533 2442; x_wconf 89' lang='lat' dir='ltr'><strong>non</strong></span> <span class='ocrx_word' id='word_1_357' title='bbox 563 2401 760 2443; x_wconf 77' lang='lat' dir='ltr'><strong>servierit</strong></span> <span class='ocrx_word' id='word_1_358' title='bbox 788 2399 1192 2441; x_wconf 78' lang='lat' dir='ltr'><strong>Nabuchodonosor</strong></span> <span class='ocrx_word' id='word_1_359' title='bbox 1220 2398 1316 2453; x_wconf 76' lang='lat' dir='ltr'><strong>reyi</strong></span> <span class='ocrx_word' id='word_1_360' title='bbox 1335 2395 1593 2453; x_wconf 78' lang='lat' dir='ltr'><strong>Babylonis,</strong></span> <span class='ocrx_word' id='word_1_361' title='bbox 1623 2402 1661 2437; x_wconf 87' lang='lat' dir='ltr'><strong>et</strong></span> <span class='ocrx_word' id='word_1_362' title='bbox 1691 2397 1787 2452; x_wconf 82' lang='lat' dir='ltr'><strong>qui-</strong></span> 
     </span>
     <span class='ocr_line' id='line_1_39' title="bbox 301 2451 1788 2512; baseline -0.002 -15"><span class='ocrx_word' id='word_1_363' title='bbox 301 2472 469 2512; x_wconf 79' lang='lat' dir='ltr'><strong>cunque</strong></span> <span class='ocrx_word' id='word_1_364' title='bbox 506 2472 594 2498; x_wconf 85' lang='lat' dir='ltr'><strong>non</strong></span> <span class='ocrx_word' id='word_1_365' title='bbox 625 2457 873 2498; x_wconf 79' lang='lat' dir='ltr'><strong>curvaverit</strong></span> <span class='ocrx_word' id='word_1_366' title='bbox 912 2453 1063 2497; x_wconf 81' lang='lat' dir='ltr'><strong>collum</strong></span> <span class='ocrx_word' id='word_1_367' title='bbox 1101 2469 1228 2496; x_wconf 86' lang='lat' dir='ltr'><strong>suum</strong></span> <span class='ocrx_word' id='word_1_368' title='bbox 1256 2453 1332 2494; x_wconf 92' lang='lat' dir='ltr'><strong>sub</strong></span> <span class='ocrx_word' id='word_1_369' title='bbox 1364 2453 1469 2508; x_wconf 76' lang='lat' dir='ltr'><strong>iuyo</strong></span> <span class='ocrx_word' id='word_1_370' title='bbox 1498 2453 1614 2508; x_wconf 72' lang='lat' dir='ltr'><strong>reqis</strong></span> <span class='ocrx_word' id='word_1_371' title='bbox 1642 2451 1788 2508; x_wconf 73' lang='lat' dir='ltr'><strong>Baby-</strong></span> 
     </span>
     <span class='ocr_line' id='line_1_40' title="bbox 301 2508 1786 2568; baseline -0.003 -15"><span class='ocrx_word' id='word_1_372' title='bbox 301 2511 428 2565; x_wconf 83' lang='lat' dir='ltr'><strong>lonis,</strong></span> <span class='ocrx_word' id='word_1_373' title='bbox 458 2513 505 2552; x_wconf 77' lang='lat' dir='ltr'><strong>in</strong></span> <span class='ocrx_word' id='word_1_374' title='bbox 535 2512 687 2568; x_wconf 69' lang='lat' dir='ltr'><strong>yladio</strong></span> <span class='ocrx_word' id='word_1_375' title='bbox 718 2518 755 2553; x_wconf 91' lang='lat' dir='ltr'><strong>et</strong></span> <span class='ocrx_word' id='word_1_376' title='bbox 770 2511 899 2567; x_wconf 83' lang='lat' dir='ltr'><strong>fame</strong></span> <span class='ocrx_word' id='word_1_377' title='bbox 930 2517 968 2553; x_wconf 89' lang='lat' dir='ltr'><strong>et</strong></span> <span class='ocrx_word' id='word_1_378' title='bbox 998 2511 1073 2552; x_wconf 76' lang='lat' dir='ltr'><strong>siti</strong></span> <span class='ocrx_word' id='word_1_379' title='bbox 1102 2516 1139 2552; x_wconf 89' lang='lat' dir='ltr'><strong>et</strong></span> <span class='ocrx_word' id='word_1_380' title='bbox 1162 2516 1282 2565; x_wconf 79' lang='lat' dir='ltr'><strong>peste</strong></span> <span class='ocrx_word' id='word_1_381' title='bbox 1312 2508 1492 2550; x_wconf 72' lang='lat' dir='ltr'><strong>visitabo</strong></span> <span class='ocrx_word' id='word_1_382' title='bbox 1523 2522 1656 2563; x_wconf 78' lang='lat' dir='ltr'><strong>super</strong></span> <span class='ocrx_word' id='word_1_383' title='bbox 1684 2523 1786 2564; x_wconf 71' lang='lat' dir='ltr'><strong>yen-</strong></span> 
     </span>
     <span class='ocr_line' id='line_1_41' title="bbox 300 2564 1787 2620; baseline -0.003 -12"><span class='ocrx_word' id='word_1_384' title='bbox 300 2574 382 2609; x_wconf 86' lang='lat' dir='ltr'><strong>tem</strong></span> <span class='ocrx_word' id='word_1_385' title='bbox 410 2567 546 2620; x_wconf 79' lang='lat' dir='ltr'><strong>illam,</strong></span> <span class='ocrx_word' id='word_1_386' title='bbox 577 2569 642 2609; x_wconf 81' lang='lat' dir='ltr'><strong>ait</strong></span> <span class='ocrx_word' id='word_1_387' title='bbox 661 2568 893 2620; x_wconf 82' lang='lat' dir='ltr'><strong>Dominus,</strong></span> <span class='ocrx_word' id='word_1_388' title='bbox 924 2567 1057 2609; x_wconf 81' lang='lat' dir='ltr'><strong>donec</strong></span> <span class='ocrx_word' id='word_1_389' title='bbox 1087 2580 1335 2608; x_wconf 85' lang='lat' dir='ltr'><strong>consumam</strong></span> <span class='ocrx_word' id='word_1_390' title='bbox 1364 2579 1434 2606; x_wconf 87' lang='lat' dir='ltr'><strong>eos</strong></span> <span class='ocrx_word' id='word_1_391' title='bbox 1454 2565 1502 2605; x_wconf 83' lang='lat' dir='ltr'><strong>in</strong></span> <span class='ocrx_word' id='word_1_392' title='bbox 1523 2579 1659 2605; x_wconf 88' lang='lat' dir='ltr'><strong>manu</strong></span> <span class='ocrx_word' id='word_1_393' title='bbox 1681 2564 1787 2606; x_wconf 84' lang='lat' dir='ltr'><strong>eius.</strong></span> 
     </span>
     <span class='ocr_line' id='line_1_42' title="bbox 303 2619 1790 2676; baseline -0.003 -12"><span class='ocrx_word' id='word_1_394' title='bbox 303 2623 429 2676; x_wconf 78' lang='lat' dir='ltr'><strong>Quod</strong></span> <span class='ocrx_word' id='word_1_395' title='bbox 468 2623 504 2664; x_wconf 85' lang='lat' dir='ltr'><strong>si</strong></span> <span class='ocrx_word' id='word_1_396' title='bbox 540 2628 657 2664; x_wconf 92' lang='lat' dir='ltr'><strong>tanto</strong></span> <span class='ocrx_word' id='word_1_397' title='bbox 687 2623 807 2665; x_wconf 86' lang='lat' dir='ltr'><strong>Deus</strong></span> <span class='ocrx_word' id='word_1_398' title='bbox 845 2621 1004 2664; x_wconf 85' lang='lat' dir='ltr'><strong>zelatus</strong></span> <span class='ocrx_word' id='word_1_399' title='bbox 1042 2628 1106 2664; x_wconf 89' lang='lat' dir='ltr'><strong>est</strong></span> <span class='ocrx_word' id='word_1_400' title='bbox 1143 2620 1232 2663; x_wconf 88' lang='lat' dir='ltr'><strong>zelo</strong></span> <span class='ocrx_word' id='word_1_401' title='bbox 1269 2620 1432 2675; x_wconf 86' lang='lat' dir='ltr'><strong>regiam</strong></span> <span class='ocrx_word' id='word_1_402' title='bbox 1462 2624 1716 2675; x_wconf 85' lang='lat' dir='ltr'><strong>potestatem</strong></span> <span class='ocrx_word' id='word_1_403' title='bbox 1744 2619 1790 2660; x_wconf 92' lang='lat' dir='ltr'><strong>in</strong></span> 
     </span>
     <span class='ocr_line' id='line_1_43' title="bbox 301 2674 1788 2735; baseline -0.003 -15"><span class='ocrx_word' id='word_1_404' title='bbox 301 2694 404 2735; x_wconf 86' lang='lat' dir='ltr'><strong>rege</strong></span> <span class='ocrx_word' id='word_1_405' title='bbox 433 2679 590 2720; x_wconf 88' lang='lat' dir='ltr'><strong>iniusto</strong></span> <span class='ocrx_word' id='word_1_406' title='bbox 620 2684 662 2720; x_wconf 87' lang='lat' dir='ltr'><strong>et</strong></span> <span class='ocrx_word' id='word_1_407' title='bbox 690 2678 802 2720; x_wconf 89' lang='lat' dir='ltr'><strong>ultra</strong></span> <span class='ocrx_word' id='word_1_408' title='bbox 832 2693 999 2720; x_wconf 88' lang='lat' dir='ltr'><strong>omnem</strong></span> <span class='ocrx_word' id='word_1_409' title='bbox 1030 2684 1185 2720; x_wconf 87' lang='lat' dir='ltr'><strong>terram</strong></span> <span class='ocrx_word' id='word_1_410' title='bbox 1215 2676 1414 2734; x_wconf 83' lang='lat' dir='ltr'><strong>pessimo,</strong></span> <span class='ocrx_word' id='word_1_411' title='bbox 1457 2674 1562 2731; x_wconf 86' lang='lat' dir='ltr'><strong>quid</strong></span> <span class='ocrx_word' id='word_1_412' title='bbox 1597 2676 1788 2717; x_wconf 87' lang='lat' dir='ltr'><strong>facturus</strong></span> 
     </span>
     <span class='ocr_line' id='line_1_44' title="bbox 301 2730 1789 2791; baseline -0.004 -14"><span class='ocrx_word' id='word_1_413' title='bbox 301 2742 366 2777; x_wconf 90' lang='lat' dir='ltr'><strong>est</strong></span> <span class='ocrx_word' id='word_1_414' title='bbox 393 2749 472 2791; x_wconf 92' lang='lat' dir='ltr'><strong>pro</strong></span> <span class='ocrx_word' id='word_1_415' title='bbox 502 2749 602 2790; x_wconf 87' lang='lat' dir='ltr'><strong>rege</strong></span> <span class='ocrx_word' id='word_1_416' title='bbox 632 2733 861 2776; x_wconf 84' lang='lat' dir='ltr'><strong>christiano</strong></span> <span class='ocrx_word' id='word_1_417' title='bbox 893 2741 935 2776; x_wconf 88' lang='lat' dir='ltr'><strong>et</strong></span> <span class='ocrx_word' id='word_1_418' title='bbox 963 2733 1207 2776; x_wconf 74' lang='lat' dir='ltr'><strong>catholico?</strong></span> <span class='ocrx_word' id='word_1_419' title='bbox 1249 2733 1270 2774; x_wconf 95' lang='lat' dir='ltr'>I</span> <span class='ocrx_word' id='word_1_420' title='bbox 1304 2733 1338 2774; x_wconf 90' lang='lat' dir='ltr'><strong>si</strong></span> <span class='ocrx_word' id='word_1_421' title='bbox 1369 2732 1496 2774; x_wconf 85' lang='lat' dir='ltr'><strong>etiam</strong></span> <span class='ocrx_word' id='word_1_422' title='bbox 1525 2731 1618 2786; x_wconf 89' lang='lat' dir='ltr'><strong>regi</strong></span> <span class='ocrx_word' id='word_1_423' title='bbox 1647 2730 1789 2772; x_wconf 85' lang='lat' dir='ltr'><strong>Nabu-</strong></span> 
     </span>
     <span class='ocr_line' id='line_1_45' title="bbox 302 2747 1791 2843; baseline -0.003 -10"><span class='ocrx_word' id='word_1_424' title='bbox 302 2790 568 2834; x_wconf 84' lang='lat' dir='ltr'><strong>chodonosor</strong></span> <span class='ocrx_word' id='word_1_425' title='bbox 595 2791 810 2832; x_wconf 86' lang='lat' dir='ltr'><strong>iuraverat</strong></span> <span class='ocrx_word' id='word_1_426' title='bbox 840 2789 1072 2833; x_wconf 87' lang='lat' dir='ltr'><strong>Sedechias</strong></span> <span class='ocrx_word' id='word_1_427' title='bbox 1102 2805 1179 2832; x_wconf 82' lang='lat' dir='ltr'><strong>rex</strong></span> <span class='ocrx_word' id='word_1_428' title='bbox 1207 2747 1329 2842; x_wconf 51' lang='lat' dir='ltr'><strong>Iucpa&#39;</strong></span> <span class='ocrx_word' id='word_1_429' title='bbox 1359 2788 1480 2829; x_wconf 89' lang='lat' dir='ltr'><strong>cuius</strong></span> <span class='ocrx_word' id='word_1_430' title='bbox 1510 2787 1671 2829; x_wconf 88' lang='lat' dir='ltr'><strong>scilicet</strong></span> <span class='ocrx_word' id='word_1_431' title='bbox 1697 2801 1791 2843; x_wconf 90' lang='lat' dir='ltr'><strong>per-</strong></span> 
     </span>
    </p>
   </div>
   <div class='ocr_carea' id='block_1_5' title="bbox 303 2900 510 2934">
    <p class='ocr_par' dir='ltr' id='par_1_5' title="bbox 303 2900 510 2934">
     <span class='ocr_line' id='line_1_46' title="bbox 303 2900 510 2934; baseline 0 -7"><span class='ocrx_word' id='word_1_432' title='bbox 303 2900 334 2934; x_wconf 82' lang='lat' dir='ltr'><strong>a)</strong></span> <span class='ocrx_word' id='word_1_433' title='bbox 359 2900 460 2932; x_wconf 84' lang='lat' dir='ltr'><strong>inquit</strong></span> <span class='ocrx_word' id='word_1_434' title='bbox 483 2901 510 2927; x_wconf 91' lang='lat'><strong>1.</strong></span> 
     </span>
    </p>
   </div>
   <div class='ocr_carea' id='block_1_6' title="bbox 305 2970 1680 3018">
    <p class='ocr_par' dir='ltr' id='par_1_6' title="bbox 305 2970 1680 3018">
     <span class='ocr_line' id='line_1_47' title="bbox 305 2970 1680 3018; baseline -0.001 -12"><span class='ocrx_word' id='word_1_435' title='bbox 305 2976 340 3018; x_wconf 89' lang='lat'><strong>1)</strong></span> <span class='ocrx_word' id='word_1_436' title='bbox 369 2975 421 3008; x_wconf 84' lang='lat' dir='ltr'><strong>cf.</strong></span> <span class='ocrx_word' id='word_1_437' title='bbox 450 2986 479 3008; x_wconf 88' lang='lat' dir='ltr'><strong>e.</strong></span> <span class='ocrx_word' id='word_1_438' title='bbox 507 2976 541 3008; x_wconf 88' lang='lat'><strong>3.</strong></span> <span class='ocrx_word' id='word_1_439' title='bbox 643 2975 681 3018; x_wconf 80' lang='lat'><strong>2)</strong></span> <span class='ocrx_word' id='word_1_440' title='bbox 709 2974 763 3008; x_wconf 83' lang='lat' dir='ltr'><strong>cf.</strong></span> <span class='ocrx_word' id='word_1_441' title='bbox 790 2985 821 3010; x_wconf 87' lang='lat' dir='ltr'><strong>c.</strong></span> <span class='ocrx_word' id='word_1_442' title='bbox 851 2975 907 3008; x_wconf 80' lang='lat'><strong>12.</strong></span> <span class='ocrx_word' id='word_1_443' title='bbox 1008 2974 1045 3017; x_wconf 87' lang='grc'><strong>3)</strong></span> <span class='ocrx_word' id='word_1_444' title='bbox 1072 2974 1261 3017; x_wconf 86' lang='lat' dir='ltr'><strong>Augustini</strong></span> <span class='ocrx_word' id='word_1_445' title='bbox 1288 2983 1394 3017; x_wconf 87' lang='lat' dir='ltr'><strong>opera</strong></span> <span class='ocrx_word' id='word_1_446' title='bbox 1420 2972 1502 3014; x_wconf 85' lang='lat' dir='ltr'>VII,</span> <span class='ocrx_word' id='word_1_447' title='bbox 1536 2983 1572 3015; x_wconf 89' lang='lat' dir='ltr'><strong>p.</strong></span> <span class='ocrx_word' id='word_1_448' title='bbox 1601 2970 1680 3004; x_wconf 83' lang='lat'>138.</span> 
     </span>
    </p>
   </div>
  </div>
 </body>
</html>
