1878 3308
333 281 401 316 m:
426 281 637 316 UNITATE
664 281 939 316 ECCLESIAE
967 281 1338 317 CONSERVANDA.
1538 283 1584 315 45

86 393 313 439 ecclesiam
342 392 427 437 Dei
457 399 587 450 atque
616 409 708 436 rem
738 393 955 451 publicam
985 393 1168 450 imperii,
1208 392 1411 448 quoniam
1442 399 1585 449 partes

85 449 188 495 inde
225 450 471 506 segregavit
508 450 604 492 sibi.
663 449 782 493 Inter
819 451 962 507 ipsum
998 462 1184 505 namque
1222 455 1265 490 et
1300 449 1411 490 inter
1439 463 1585 504 regem

86 505 356 551 Haurit-,hum
390 520 546 562 graves
578 512 697 549 ortae
725 512 825 549 sunt
857 514 987 564 atque
1015 504 1304 547 inexorabiles
1333 505 1586 559 discordiae,

87 577 203 622 papa
229 561 462 621 plurimum
491 563 725 617 annitente,
763 570 809 606 ut
844 577 922 605 rex
952 562 1239 618 deponeretur
1266 575 1293 602 a
1322 561 1440 616 regia
1469 568 1586 618 pote-

87 626 199 664 state
217 619 381 677 pariter
409 626 452 661 et
476 618 698 675 dignitate,
727 633 829 674 rege
848 633 952 662 vero
982 623 1133 660 contra
1162 617 1338 670 nitente,
1368 624 1416 659 ut
1444 617 1586 660 defen-

88 675 213 720 deret
250 689 297 718 se
334 673 389 717 ab
428 675 615 718 hostium
645 689 818 718 suorum
849 674 1224 727 circumventione,
1256 674 1329 730 qui
1359 687 1436 729 pro
1467 680 1587 729 parte

88 730 283 776 eiusdem
302 746 443 788 papae
464 737 676 775 certantes
697 731 961 796 quaerebant
989 745 1088 773 eum
1110 731 1367 787 opprimere.
1412 729 1587 771 Exinde

0 826 6 844 ,
84 787 232 832 divisa
260 794 327 830 est
354 786 535 830 ecclesia
570 794 613 830 et
642 787 783 830 divlsa
812 795 913 830 sunt
941 786 1148 830 ecclesiae
1177 785 1428 839 sacerdotia,
1457 793 1588 843 atque

7 1820 15 1830 ,
0 1446 19 1760 -ιμγη--Ἦεηψτᾼῃ
0 1416 10 1431 r·
0 1356 10 1395 ω.-
3 1325 7 1338 -

12 2510 28 2555 -4,
0 2057 30 2487 =‚¹.,qp÷›.⁴-„<—-,r·«4ussa.m⁴w4·
10 2024 12 2026 ·
7 1980 11 1989 -

86 845 238 888 omnia
275 842 574 886 scandalorum
612 850 705 886 orta
744 850 843 886 sunt
878 858 1058 900 genera,
1100 842 1257 884 exinde
1293 843 1429 885 crevit
1456 856 1588 898 grave

85 908 134 944 et
160 899 411 943 diuturnum
440 899 612 954 bellum,
643 906 686 943 et
713 914 801 942 non
829 901 969 943 solum
999 898 1128 942 civile
1158 898 1332 951 bellum,
1362 899 1437 941 sed
1459 899 1587 940 etiam

87 955 188 1014 plus
207 970 339 1014 quam
358 954 483 999 civile
502 954 675 1005 bellum,
706 963 750 1000 et
777 957 918 1000 factae
948 962 1047 998 sunt
1075 954 1240 1012 absque
1261 955 1409 997 divino
1429 955 1590 1011 pariter

86 1019 134 1057 ct
161 1011 350 1055 humano
379 1020 580 1069 respectu
599 1013 862 1055 vastationes
891 1012 1171 1056 ecclesiarum
1202 1019 1245 1054 et
1273 1011 1427 1054 caedes
1455 1010 1589 1052 homi-

87 1083 214 1123 num3
243 1068 399 1111 exinde
429 1069 559 1111 etiam
589 1076 812 1126 corruptae
843 1075 942 1111 sunt
971 1068 1143 1111 divinae
1172 1069 1334 1124 pariter
1370 1074 1414 1110 et
1442 1067 1590 1108 huma-

89 1139 172 1169 nae
213 1123 352 1181 leges,
395 1125 487 1167 sine
523 1125 679 1182 quibus
722 1140 809 1168 non
849 1125 1041 1168 substitit
1074 1124 1142 1167 vel
1178 1124 1263 1166 Dei
1301 1123 1484 1167 ecclesia
1521 1123 1590 1164 vel

86 1181 260 1239 imperii
296 1195 366 1224 res
395 1180 593 1238 publica;
633 1188 676 1224 et
713 1181 870 1224 exinde
907 1181 1069 1224 violata
1104 1187 1169 1223 est
1203 1179 1311 1223 fides
1345 1187 1388 1222 et
1416 1179 1591 1236 publica

92 1244 138 1281 et
165 1236 396 1291 catholica3
425 1237 583 1280 exinde
612 1239 743 1280 etiam
771 1239 908 1281 crevit
936 1237 1009 1280 illa
1036 1237 1257 1290 iniustitia,
1298 1242 1346 1278 ut
1375 1250 1454 1293 pro
1482 1236 1590 1278 veri-

87 1299 176 1337 tate
204 1292 313 1336 falsa
340 1294 584 1336 testimonia
611 1302 655 1337 et
683 1309 762 1351 pro
792 1294 877 1337 fide
902 1293 1111 1337 catholica
1139 1292 1359 1335 abundent
1387 1292 1588 1348 periuria,

90 1357 152 1403 ut,
182 1357 409 1407 postquam
438 1349 555 1406 leges
578 1349 691 1392 bello
722 1350 876 1393 siluere
897 1357 1070 1394 coactae
1085 1358 1112 1403 ¹,
1141 1348 1372 1405 impleatur
1401 1349 1486 1390 iam
1506 1348 1589 1389 ista

94 1405 274 1449 Domini
316 1407 527 1448 sententia
568 1421 646 1464 per
691 1406 804 1449 Osee
847 1406 1122 1463 prophetam:
1170 1406 1275 1448 Non
1319 1411 1390 1456 est,
1435 1404 1588 1460 inquit,
1602 1415 1682 1442 ozee
1693 1415 1799 1450 4‚1·2·

94 1463 258 1506 veritas
291 1468 331 1504 et
365 1477 454 1505 non
489 1469 550 1505 est
585 1464 892 1506 misericordia
930 1469 967 1505 et
1003 1477 1091 1505 non
1122 1468 1181 1504 est
1211 1462 1394 1503 scientia
1424 1461 1511 1502 Dei
1540 1461 1589 1501 in

93 1525 225 1561 terra.
283 1517 565 1560 Maledictum
594 1526 632 1561 et
661 1519 936 1561 mendacium
965 1525 1003 1560 et
1032 1518 1315 1561 homicidium
1354 1522 1392 1557 et
1407 1516 1590 1573 furtum

96 1580 136 1616 et
173 1574 440 1617 adulterium
475 1575 821 1626 inundaverunt,
859 1582 896 1616 et
926 1591 1010 1617 san
1045 1577 1116 1617 uis
1146 1574 1411 1630 sanquinem
1439 1573 1592 1628 tetigit.

94 1629 218 1673 Haec
256 1644 372 1672 nunc
414 1629 636 1674 abundare
673 1638 715 1674 et
752 1631 995 1696 superabun
1027 1645 1100 1674 are
1139 1637 1316 1686 propter
1354 1628 1593 1671 doctrinam

92 1684 380 1729 Hildebrandi
415 1701 570 1743 papae,
607 1701 692 1744 qua
728 1686 875 1730 div1sit
903 1701 1062 1744 corpus
1099 1686 1171 1728 vel
1201 1685 1406 1729 ecclesiae
1436 1683 1504 1726 vel
1532 1684 1593 1726 rei

94 1741 309 1809 publicae,
347 1742 545 1808 nunquid
574 1743 655 1785 hoc
684 1750 751 1786 est
777 1742 1063 1800 apostolicum
1093 1757 1210 1797 esse,
1247 1747 1290 1784 et
1320 1741 1594 1798 Gregorium,

94 1797 142 1841 id
171 1805 239 1842 est
276 1798 385 1842 bene
418 1798 681 1856 vigilantem,
711 1814 818 1852 esse,
855 1806 898 1842 et
926 1800 971 1841 in
1000 1799 1196 1842 doctrina
1226 1805 1268 1841 et
1297 1799 1341 1840 in
1371 1811 1594 1839 conversa-

95 1854 212 1898 tione
242 1853 500 1898 catholicum
530 1870 623 1898 esse
653 1855 889 1898 secundum
912 1856 1165 1898 sententiam
1188 1854 1411 1911 scriptoris
1440 1866 1594 1909 propo·

96 1912 205 1955 sitae
243 1910 482 1968 epistolae?
524 1919 652 1968 atque
692 1927 789 1953 cum
828 1911 902 1954 tali
932 1910 1230 1954 Hildebrando
1263 1916 1407 1967 partes
1437 1908 1594 1950 habere

94 1974 140 2011 et
177 1966 390 2010 eiusmodi
427 1966 570 2024 qualia
608 1982 658 2010 su
691 1967 856 2010 radicta
895 1974 996 2009 sunt
1026 1966 1191 2022 flagitia
1226 1966 1411 2019 nutrire,
1449 1964 1595 2006 fovere

95 2021 168 2066 vel
205 2022 446 2077 defendere,
483 2024 647 2080 nunqui
718 2023 800 2066 hoc
839 2030 903 2065 est
931 2022 1041 2064 filios
1070 2023 1155 2064 Dei
1184 2036 1276 2064 esse
1310 2028 1354 2063 et
1382 2019 1595 2076 spiritales

96 2085 233 2178 atqltgz
255 2078 458 2122 caelestes
486 2094 580 2122 esse
608 2080 731 2122 iuxta
759 2079 1013 2121 sententiam
1039 2078 1258 2134 scriptoris
1287 2076 1478 2119 eiusdem
1509 2076 1595 2132 epi-

99 2142 166 2179 sto
242 2134 265 2177 ¹?
303 2135 432 2179 Absit
470 2133 566 2188 hoc,
601 2134 727 2189 absit,
766 2136 956 2192 inquam,
992 2135 1207 2191 quoniam,
1239 2139 1466 2175 attestante
1495 2145 1595 2187 apo·
1611 2145 1811 2178 amassai.

97 2190 222 2245 stolo,
252 2189 447 2234 Christus
478 2190 675 2234 exhibuit
704 2191 785 2234 sibi
844 2190 1042 2233 loriosam
1070 2189 1294 2233 ecclesiam
1325 2203 1410 2231 non
1440 2188 1597 2230 haben-

98 2254 187 2291 tem
231 2246 442 2290 maculam
484 2262 562 2290 nec
607 2262 684 2304 per
728 2247 1021 2303 dupicitatem
1067 2261 1240 2302 rugam,
1285 2245 1386 2301 quia
1436 2250 1478 2287 et
1520 2258 1597 2299 per

97 2303 304 2347 iustitiam
347 2310 415 2346 est
457 2304 617 2346 munda
660 2311 703 2346 et
746 2318 823 2360 per
866 2302 1105 2359 simplicem
1150 2301 1428 2344 intentionem
1462 2307 1595 2343 tensa.

101 2358 230 2404 Unde
259 2366 303 2403 et
331 2360 376 2402 in
406 2359 586 2404 cantico
617 2360 879 2403 cantieorum
912 2360 1098 2416 Spiritus
1128 2364 1300 2400 sanctus
1330 2372 1384 2399 ex
1414 2370 1598 2413 persona

101 2415 280 2460 Domini
318 2415 516 2473 designat
555 2423 596 2459 et
635 2416 763 2459 dicit:
816 2417 913 2458 Una
953 2422 1013 2458 est
1042 2414 1236 2457 columba
1264 2428 1373 2467 mea,
1399 2411 1597 2469 perfecta
1612 2423 1782 2451 cantes.

102 2487 212 2527 mea,
252 2488 347 2515 una
385 2479 447 2516 est
475 2474 631 2515 matris
661 2488 768 2515 suae
797 2472 942 2524 electa,
972 2472 1202 2528 yenitricis
1231 2484 1349 2512 suae.
1410 2468 1496 2511 Sed
1525 2467 1597 2510 ad-

104 2528 285 2571 versarii
322 2529 470 2583 nostri,
510 2530 708 2586 quamvis
747 2529 831 2585 ipsi
869 2528 1053 2570 exierint
1090 2540 1117 2567 a
1145 2525 1283 2579 nobis,
1320 2539 1406 2567 non
1436 2538 1513 2566 nos
1542 2524 1597 2566 ab

102 2583 117 2626 i
150 2585 231 2639 sis,
277 2591 422 2628 tamen
463 2586 526 2627 sic
565 2584 702 2628 solent
738 2600 784 2627 se
825 2582 1124 2626 commendare
1163 2582 1288 2624 dictis
1323 2587 1367 2623 et
1404 2581 1488 2623 scri
1522 2581 1596 2624 tis:

151 2656 198 2684 os
228 2641 434 2684 catholici
461 2657 624 2694 sumus,
655 2657 734 2683 nos
762 2642 811 2683 in
843 2643 1011 2682 unitate
1041 2638 1243 2681 ecclesiae
1263 2653 1425 2680 sumus.
1516 2636 1598 2678 nde

20 2696 25 2723 ἶ
104 2697 287 2754 scriptor
322 2696 435 2739 illius
474 2696 678 2753 epistolae
714 2696 904 2753 appellat
938 2710 1010 2738 eos
1050 2695 1122 2751 qui
1163 2700 1263 2737 sunt
1299 2694 1343 2735 in
1382 2700 1503 2750 parte
1533 2692 1597 2734 sui

106 2753 307 2811 Gregorii
346 2751 590 2807 catholicos,
620 2767 699 2795 nos
725 2761 882 2806 autem,
914 2752 986 2808 qui
1009 2750 1136 2793 fidem
1158 2757 1403 2793 sanctorum
1428 2755 1598 2805 patrum

109 2880 146 2923 1)
173 2880 229 2917 cf.
256 2882 383 2916 Cicero
410 2892 472 2926 pro
499 2880 633 2914 Milone
662 2880 695 2921 4,
724 2880 789 2912 10:
819 2878 927 2923 Leqes
952 2878 1054 2912 silent
1081 2877 1172 2911 inter
1199 2888 1311 2911 anna.
