<?xml version="1.0" encoding="UTF-8"?>
<!DOCTYPE html PUBLIC "-//W3C//DTD XHTML 1.0 Transitional//EN"
    "http://www.w3.org/TR/xhtml1/DTD/xhtml1-transitional.dtd">
<html xmlns="http://www.w3.org/1999/xhtml" xml:lang="en" lang="en">
 <head>
  <title>
</title>
<meta http-equiv="Content-Type" content="text/html;charset=utf-8" />
  <meta name='ocr-system' content='tesseract 3.04.00' />
  <meta name='ocr-capabilities' content='ocr_page ocr_carea ocr_par ocr_line ocrx_word'/>
</head>
<body>
  <div class='ocr_page' id='page_1' title='image "./waltramiutvidetu00walruoft_0162.png"; bbox 0 0 1878 3308; ppageno 0'>
   <div class='ocr_carea' id='block_1_1' title="bbox 321 261 1564 298">
    <p class='ocr_par' dir='ltr' id='par_1_1' title="bbox 321 261 1564 298">
     <span class='ocr_line' id='line_1_1' title="bbox 321 261 1564 298; baseline 0.003 -5"><span class='ocrx_word' id='word_1_1' title='bbox 321 261 390 293; x_wconf 88' lang='grc'><strong>136</strong></span> <span class='ocrx_word' id='word_1_2' title='bbox 562 262 628 294; x_wconf 85' lang='lat' dir='ltr'><strong>DE</strong></span> <span class='ocrx_word' id='word_1_3' title='bbox 661 261 872 295; x_wconf 83' lang='lat' dir='ltr'>UNITATE</span> <span class='ocrx_word' id='word_1_4' title='bbox 898 261 1169 296; x_wconf 86' lang='lat' dir='ltr'><strong>ECCLESIAE</strong></span> <span class='ocrx_word' id='word_1_5' title='bbox 1197 263 1564 298; x_wconf 79' lang='lat' dir='ltr'>CONSERVANDA.</span> 
     </span>
    </p>
   </div>
   <div class='ocr_carea' id='block_1_2' title="bbox 318 374 1815 1097">
    <p class='ocr_par' dir='ltr' id='par_1_2' title="bbox 318 374 1815 1097">
     <span class='ocr_line' id='line_1_2' title="bbox 318 374 1810 431; baseline 0.002 -16"><span class='ocrx_word' id='word_1_6' title='bbox 318 374 480 415; x_wconf 84' lang='lat' dir='ltr'><strong>vitam!</strong></span> <span class='ocrx_word' id='word_1_7' title='bbox 519 380 557 415; x_wconf 88' lang='lat' dir='ltr'><strong>et</strong></span> <span class='ocrx_word' id='word_1_8' title='bbox 627 377 731 418; x_wconf 82' lang='lat' dir='ltr'><strong>auci</strong></span> <span class='ocrx_word' id='word_1_9' title='bbox 767 381 881 428; x_wconf 73' lang='lat' dir='ltr'><strong>sunt,</strong></span> <span class='ocrx_word' id='word_1_10' title='bbox 921 376 997 431; x_wconf 80' lang='lat' dir='ltr'><strong>qui</strong></span> <span class='ocrx_word' id='word_1_11' title='bbox 1034 376 1266 417; x_wconf 83' lang='lat' dir='ltr'><strong>inveniunt</strong></span> <span class='ocrx_word' id='word_1_12' title='bbox 1303 390 1411 418; x_wconf 86' lang='lat' dir='ltr'><strong>eam.</strong></span> <span class='ocrx_word' id='word_1_13' title='bbox 1469 375 1540 418; x_wconf 90' lang='lat' dir='ltr'><strong>Ad</strong></span> <span class='ocrx_word' id='word_1_14' title='bbox 1569 376 1679 418; x_wconf 85' lang='lat' dir='ltr'><strong>hanc</strong></span> <span class='ocrx_word' id='word_1_15' title='bbox 1707 391 1810 419; x_wconf 88' lang='lat' dir='ltr'><strong>vero</strong></span> 
     </span>
     <span class='ocr_line' id='line_1_3' title="bbox 321 428 1807 489; baseline 0.003 -19"><span class='ocrx_word' id='word_1_16' title='bbox 321 429 422 486; x_wconf 87' lang='lat' dir='ltr'><strong>quia</strong></span> <span class='ocrx_word' id='word_1_17' title='bbox 451 428 583 471; x_wconf 84' lang='lat' dir='ltr'><strong>diffiei</strong></span> <span class='ocrx_word' id='word_1_18' title='bbox 601 431 636 472; x_wconf 87' lang='lat' dir='ltr'><strong>is</strong></span> <span class='ocrx_word' id='word_1_19' title='bbox 667 437 732 473; x_wconf 91' lang='lat' dir='ltr'><strong>est</strong></span> <span class='ocrx_word' id='word_1_20' title='bbox 759 441 977 484; x_wconf 83' lang='lat' dir='ltr'><strong>ascensus,</strong></span> <span class='ocrx_word' id='word_1_21' title='bbox 1007 431 1104 473; x_wconf 88' lang='lat' dir='ltr'><strong>ideo</strong></span> <span class='ocrx_word' id='word_1_22' title='bbox 1135 432 1264 474; x_wconf 91' lang='lat' dir='ltr'><strong>etiam</strong></span> <span class='ocrx_word' id='word_1_23' title='bbox 1293 437 1467 474; x_wconf 85' lang='lat' dir='ltr'><strong>sanctus</strong></span> <span class='ocrx_word' id='word_1_24' title='bbox 1488 432 1807 489; x_wconf 85' lang='lat' dir='ltr'><strong>Hieronymus¹</strong></span> 
     </span>
     <span class='ocr_line' id='line_1_4' title="bbox 321 486 1812 546; baseline 0.001 -18"><span class='ocrx_word' id='word_1_25' title='bbox 321 487 431 528; x_wconf 89' lang='lat' dir='ltr'><strong>inter</strong></span> <span class='ocrx_word' id='word_1_26' title='bbox 469 486 555 528; x_wconf 91' lang='lat' dir='ltr'><strong>alia</strong></span> <span class='ocrx_word' id='word_1_27' title='bbox 588 487 867 530; x_wconf 87' lang='lat' dir='ltr'><strong>institutionis</strong></span> <span class='ocrx_word' id='word_1_28' title='bbox 902 489 1064 530; x_wconf 89' lang='lat' dir='ltr'><strong>monita</strong></span> <span class='ocrx_word' id='word_1_29' title='bbox 1092 488 1294 545; x_wconf 84' lang='lat' dir='ltr'><strong>proponit</strong></span> <span class='ocrx_word' id='word_1_30' title='bbox 1321 488 1531 531; x_wconf 88' lang='lat' dir='ltr'><strong>monacho</strong></span> <span class='ocrx_word' id='word_1_31' title='bbox 1560 489 1812 546; x_wconf 79' lang='lat' dir='ltr'><strong>mysterium</strong></span> 
     </span>
     <span class='ocr_line' id='line_1_5' title="bbox 322 541 1814 600; baseline 0.003 -17"><span class='ocrx_word' id='word_1_32' title='bbox 322 542 389 584; x_wconf 82' lang='lat' dir='ltr'><strong>sui</strong></span> <span class='ocrx_word' id='word_1_33' title='bbox 418 541 606 584; x_wconf 81' lang='lat' dir='ltr'><strong>habitus:</strong></span> <span class='ocrx_word' id='word_1_34' title='bbox 645 553 716 596; x_wconf 84' lang='lat' dir='ltr'><strong>Vis,</strong></span> <span class='ocrx_word' id='word_1_35' title='bbox 742 544 953 600; x_wconf 78' lang='lat' dir='ltr'>inquiens,</span> <span class='ocrx_word' id='word_1_36' title='bbox 983 553 1084 595; x_wconf 84' lang='lat' dir='ltr'><strong>scire,</strong></span> <span class='ocrx_word' id='word_1_37' title='bbox 1118 553 1239 596; x_wconf 80' lang='lat' dir='ltr'><strong>quales</strong></span> <span class='ocrx_word' id='word_1_38' title='bbox 1263 553 1439 587; x_wconf 81' lang='lat' dir='ltr'><strong>Dominus</strong></span> <span class='ocrx_word' id='word_1_39' title='bbox 1464 561 1614 598; x_wconf 78' lang='lat' dir='ltr'><strong>quaerat</strong></span> <span class='ocrx_word' id='word_1_40' title='bbox 1639 553 1814 589; x_wconf 68' lang='lat' dir='ltr'><strong>ornatas?</strong></span> 
     </span>
     <span class='ocr_line' id='line_1_6' title="bbox 323 600 1812 656; baseline -0.001 -15"><span class='ocrx_word' id='word_1_41' title='bbox 323 608 462 642; x_wconf 78' lang='lat' dir='ltr'><em>Habeto</em></span> <span class='ocrx_word' id='word_1_42' title='bbox 476 608 719 651; x_wconf 82' lang='lat' dir='ltr'><strong>prudentiam,</strong></span> <span class='ocrx_word' id='word_1_43' title='bbox 746 609 929 652; x_wconf 75' lang='lat' dir='ltr'><strong>iustitiam,</strong></span> <span class='ocrx_word' id='word_1_44' title='bbox 956 607 1234 652; x_wconf 74' lang='lat' dir='ltr'><strong><em>temperantiam,</em></strong></span> <span class='ocrx_word' id='word_1_45' title='bbox 1249 608 1514 652; x_wconf 80' lang='lat' dir='ltr'><strong>fortitudinem.</strong></span> <span class='ocrx_word' id='word_1_46' title='bbox 1551 609 1633 652; x_wconf 64' lang='lat' dir='ltr'><strong>His,</strong></span> <span class='ocrx_word' id='word_1_47' title='bbox 1661 600 1812 656; x_wconf 83' lang='lat' dir='ltr'><strong>inquit,</strong></span> 
     </span>
     <span class='ocr_line' id='line_1_7' title="bbox 323 655 1812 703; baseline 0.002 -12"><span class='ocrx_word' id='word_1_48' title='bbox 323 656 413 691; x_wconf 85' lang='lat' dir='ltr'><strong>caeli</strong></span> <span class='ocrx_word' id='word_1_49' title='bbox 423 658 546 702; x_wconf 75' lang='lat' dir='ltr'><strong>plaqis</strong></span> <span class='ocrx_word' id='word_1_50' title='bbox 563 657 754 700; x_wconf 77' lang='lat' dir='ltr'><strong><em>includere,</em></strong></span> <span class='ocrx_word' id='word_1_51' title='bbox 775 659 861 692; x_wconf 77' lang='lat' dir='ltr'><strong>haec</strong></span> <span class='ocrx_word' id='word_1_52' title='bbox 879 662 909 692; x_wconf 90' lang='lat' dir='ltr'><strong>te</strong></span> <span class='ocrx_word' id='word_1_53' title='bbox 926 657 1107 702; x_wconf 65' lang='lat' dir='ltr'><strong>quadriga</strong></span> <span class='ocrx_word' id='word_1_54' title='bbox 1127 656 1165 690; x_wconf 79' lang='lat' dir='ltr'><strong>in</strong></span> <span class='ocrx_word' id='word_1_55' title='bbox 1185 657 1293 691; x_wconf 80' lang='lat' dir='ltr'><strong>altum</strong></span> <span class='ocrx_word' id='word_1_56' title='bbox 1313 658 1410 692; x_wconf 80' lang='lat' dir='ltr'><strong>velut</strong></span> <span class='ocrx_word' id='word_1_57' title='bbox 1430 655 1597 703; x_wconf 47' lang='lat' dir='ltr'><strong>auri-qam</strong></span> <span class='ocrx_word' id='word_1_58' title='bbox 1614 657 1742 694; x_wconf 68' lang='lat' dir='ltr'><strong>chricti</strong></span> <span class='ocrx_word' id='word_1_59' title='bbox 1763 660 1812 693; x_wconf 81' lang='lat' dir='ltr'><strong>ad</strong></span> 
     </span>
     <span class='ocr_line' id='line_1_8' title="bbox 322 703 1813 760; baseline 0.002 -17"><span class='ocrx_word' id='word_1_60' title='bbox 322 714 448 744; x_wconf 81' lang='lat' dir='ltr'><strong>metam</strong></span> <span class='ocrx_word' id='word_1_61' title='bbox 466 711 759 756; x_wconf 72' lang='lat' dir='ltr'><strong>concitumferat.</strong></span> <span class='ocrx_word' id='word_1_62' title='bbox 791 703 910 760; x_wconf 87' lang='lat' dir='ltr'><strong>Ergo</strong></span> <span class='ocrx_word' id='word_1_63' title='bbox 931 704 1066 746; x_wconf 87' lang='lat' dir='ltr'><strong>sancti</strong></span> <span class='ocrx_word' id='word_1_64' title='bbox 1082 709 1239 758; x_wconf 89' lang='lat' dir='ltr'><strong>patres,</strong></span> <span class='ocrx_word' id='word_1_65' title='bbox 1261 703 1334 759; x_wconf 90' lang='lat' dir='ltr'><strong>qui</strong></span> <span class='ocrx_word' id='word_1_66' title='bbox 1349 717 1450 745; x_wconf 86' lang='lat' dir='ltr'><strong>vere</strong></span> <span class='ocrx_word' id='word_1_67' title='bbox 1466 711 1586 746; x_wconf 90' lang='lat' dir='ltr'><strong>erant</strong></span> <span class='ocrx_word' id='word_1_68' title='bbox 1600 703 1813 755; x_wconf 83' lang='lat' dir='ltr'><strong>monachi,</strong></span> 
     </span>
     <span class='ocr_line' id='line_1_9' title="bbox 322 756 1813 813; baseline 0.003 -16"><span class='ocrx_word' id='word_1_69' title='bbox 322 770 408 797; x_wconf 89' lang='lat' dir='ltr'><strong>non</strong></span> <span class='ocrx_word' id='word_1_70' title='bbox 438 756 594 810; x_wconf 89' lang='lat' dir='ltr'><strong>verbis,</strong></span> <span class='ocrx_word' id='word_1_71' title='bbox 624 759 699 800; x_wconf 88' lang='lat' dir='ltr'><strong>sed</strong></span> <span class='ocrx_word' id='word_1_72' title='bbox 728 758 866 813; x_wconf 88' lang='lat' dir='ltr'><strong>factis,</strong></span> <span class='ocrx_word' id='word_1_73' title='bbox 895 761 955 802; x_wconf 89' lang='lat' dir='ltr'><strong>ita</strong></span> <span class='ocrx_word' id='word_1_74' title='bbox 977 759 1288 802; x_wconf 87' lang='lat' dir='ltr'><strong>constituerunt</strong></span> <span class='ocrx_word' id='word_1_75' title='bbox 1316 764 1359 801; x_wconf 89' lang='lat' dir='ltr'><strong>et</strong></span> <span class='ocrx_word' id='word_1_76' title='bbox 1382 764 1611 803; x_wconf 87' lang='lat' dir='ltr'><strong>tenuerunt</strong></span> <span class='ocrx_word' id='word_1_77' title='bbox 1637 760 1813 803; x_wconf 91' lang='lat' dir='ltr'><strong>modum</strong></span> 
     </span>
     <span class='ocr_line' id='line_1_10' title="bbox 323 813 1814 868; baseline 0.003 -15"><span class='ocrx_word' id='word_1_78' title='bbox 323 819 451 868; x_wconf 89' lang='lat' dir='ltr'><strong>atque</strong></span> <span class='ocrx_word' id='word_1_79' title='bbox 482 813 674 868; x_wconf 87' lang='lat' dir='ltr'><strong>regulam</strong></span> <span class='ocrx_word' id='word_1_80' title='bbox 703 816 963 859; x_wconf 81' lang='lat' dir='ltr'><strong>monasticae</strong></span> <span class='ocrx_word' id='word_1_81' title='bbox 992 816 1135 868; x_wconf 83' lang='lat' dir='ltr'><strong>vestis,</strong></span> <span class='ocrx_word' id='word_1_82' title='bbox 1174 823 1222 858; x_wconf 91' lang='lat' dir='ltr'><strong>ut</strong></span> <span class='ocrx_word' id='word_1_83' title='bbox 1251 821 1364 858; x_wconf 83' lang='lat' dir='ltr'><strong>esset</strong></span> <span class='ocrx_word' id='word_1_84' title='bbox 1391 815 1448 858; x_wconf 86' lang='lat' dir='ltr'><strong>ad</strong></span> <span class='ocrx_word' id='word_1_85' title='bbox 1475 815 1814 860; x_wconf 86' lang='lat' dir='ltr'><strong>aedificationem</strong></span> 
     </span>
     <span class='ocr_line' id='line_1_11' title="bbox 325 867 1814 929; baseline 0.005 -20"><span class='ocrx_word' id='word_1_86' title='bbox 325 882 375 910; x_wconf 89' lang='lat' dir='ltr'><strong>ea</strong></span> <span class='ocrx_word' id='word_1_87' title='bbox 416 867 632 912; x_wconf 88' lang='lat' dir='ltr'><strong>utentibus</strong></span> <span class='ocrx_word' id='word_1_88' title='bbox 672 878 714 913; x_wconf 91' lang='lat' dir='ltr'><strong>et</strong></span> <span class='ocrx_word' id='word_1_89' title='bbox 751 871 806 914; x_wconf 88' lang='lat' dir='ltr'><strong>ad</strong></span> <span class='ocrx_word' id='word_1_90' title='bbox 846 873 1164 915; x_wconf 86' lang='lat' dir='ltr'><strong>venerationem</strong></span> <span class='ocrx_word' id='word_1_91' title='bbox 1205 871 1308 914; x_wconf 85' lang='lat' dir='ltr'><strong>foris</strong></span> <span class='ocrx_word' id='word_1_92' title='bbox 1354 886 1449 914; x_wconf 86' lang='lat' dir='ltr'><strong>eam</strong></span> <span class='ocrx_word' id='word_1_93' title='bbox 1492 872 1814 929; x_wconf 81' lang='lat' dir='ltr'><strong>aspicientibus.</strong></span> 
     </span>
     <span class='ocr_line' id='line_1_12' title="bbox 324 923 1814 986; baseline 0.002 -19"><span class='ocrx_word' id='word_1_94' title='bbox 324 923 463 978; x_wconf 85' lang='lat' dir='ltr'><strong><em>Unde,</em></strong></span> <span class='ocrx_word' id='word_1_95' title='bbox 495 926 604 968; x_wconf 90' lang='lat' dir='ltr'><strong>sicut</strong></span> <span class='ocrx_word' id='word_1_96' title='bbox 643 930 842 983; x_wconf 87' lang='lat' dir='ltr'><strong>egregius</strong></span> <span class='ocrx_word' id='word_1_97' title='bbox 872 929 938 970; x_wconf 89' lang='lat' dir='ltr'><strong>vir</strong></span> <span class='ocrx_word' id='word_1_98' title='bbox 968 927 1230 972; x_wconf 85' lang='lat' dir='ltr'><strong>Cassianus²</strong></span> <span class='ocrx_word' id='word_1_99' title='bbox 1261 928 1411 971; x_wconf 82' lang='lat' dir='ltr'><strong>scribit</strong></span> <span class='ocrx_word' id='word_1_100' title='bbox 1448 929 1491 970; x_wconf 90' lang='lat' dir='ltr'><strong>in</strong></span> <span class='ocrx_word' id='word_1_101' title='bbox 1521 935 1674 986; x_wconf 89' lang='lat' dir='ltr'><strong>quarto</strong></span> <span class='ocrx_word' id='word_1_102' title='bbox 1703 928 1814 972; x_wconf 90' lang='lat' dir='ltr'><strong>libro</strong></span> 
     </span>
     <span class='ocr_line' id='line_1_13' title="bbox 325 980 1815 1042; baseline 0.003 -20"><span class='ocrx_word' id='word_1_103' title='bbox 325 980 378 1023; x_wconf 89' lang='lat' dir='ltr'><strong>de</strong></span> <span class='ocrx_word' id='word_1_104' title='bbox 419 981 623 1024; x_wconf 87' lang='lat' dir='ltr'><strong>institutis</strong></span> <span class='ocrx_word' id='word_1_105' title='bbox 659 985 978 1039; x_wconf 85' lang='lat' dir='ltr'><strong>monachorum,</strong></span> <span class='ocrx_word' id='word_1_106' title='bbox 1017 984 1191 1042; x_wconf 92' lang='lat' dir='ltr'><strong>quidam</strong></span> <span class='ocrx_word' id='word_1_107' title='bbox 1231 984 1284 1026; x_wconf 89' lang='lat' dir='ltr'><strong>de</strong></span> <span class='ocrx_word' id='word_1_108' title='bbox 1322 985 1480 1027; x_wconf 86' lang='lat' dir='ltr'><strong>sanctis</strong></span> <span class='ocrx_word' id='word_1_109' title='bbox 1518 984 1714 1042; x_wconf 87' lang='lat' dir='ltr'><strong>patribus</strong></span> <span class='ocrx_word' id='word_1_110' title='bbox 1754 987 1815 1028; x_wconf 87' lang='lat' dir='ltr'><strong>ita</strong></span> 
     </span>
     <span class='ocr_line' id='line_1_14' title="bbox 325 1037 1815 1097; baseline 0.004 -19"><span class='ocrx_word' id='word_1_111' title='bbox 325 1037 512 1079; x_wconf 82' lang='lat' dir='ltr'><strong>instituit</strong></span> <span class='ocrx_word' id='word_1_112' title='bbox 548 1039 669 1081; x_wconf 89' lang='lat' dir='ltr'><strong>inter·</strong></span> <span class='ocrx_word' id='word_1_113' title='bbox 697 1046 840 1083; x_wconf 82' lang='lat' dir='ltr'><strong>cetera</strong></span> <span class='ocrx_word' id='word_1_114' title='bbox 884 1042 1097 1097; x_wconf 90' lang='lat' dir='ltr'><strong>quendam</strong></span> <span class='ocrx_word' id='word_1_115' title='bbox 1138 1041 1380 1084; x_wconf 87' lang='lat' dir='ltr'><strong>venientem</strong></span> <span class='ocrx_word' id='word_1_116' title='bbox 1424 1040 1480 1083; x_wconf 86' lang='lat' dir='ltr'><strong>ad</strong></span> <span class='ocrx_word' id='word_1_117' title='bbox 1524 1042 1815 1084; x_wconf 85' lang='lat' dir='ltr'><strong>conversionis</strong></span> 
     </span>
    </p>
   </div>
   <div class='ocr_carea' id='block_1_3' title="bbox 327 1093 1819 1309">
    <p class='ocr_par' dir='ltr' id='par_1_3' title="bbox 327 1093 1819 1309">
     <span class='ocr_line' id='line_1_15' title="bbox 327 1093 1819 1153; baseline 0.004 -18"><span class='ocrx_word' id='word_1_118' title='bbox 327 1093 537 1136; x_wconf 79' lang='lat' dir='ltr'><strong>studium:</strong></span> <span class='ocrx_word' id='word_1_119' title='bbox 570 1105 733 1148; x_wconf 52' lang='lat' dir='ltr'><strong>Noverit,</strong></span> <span class='ocrx_word' id='word_1_120' title='bbox 766 1097 919 1153; x_wconf 87' lang='lat' dir='ltr'><strong>inquit,</strong></span> <span class='ocrx_word' id='word_1_121' title='bbox 949 1107 993 1141; x_wconf 74' lang='lat' dir='ltr'><strong>ab</strong></span> <span class='ocrx_word' id='word_1_122' title='bbox 1020 1107 1188 1140; x_wconf 64' lang='lat' dir='ltr'><strong>hodierno</strong></span> <span class='ocrx_word' id='word_1_123' title='bbox 1214 1107 1271 1140; x_wconf 72' lang='lat' dir='ltr'><strong>die</strong></span> <span class='ocrx_word' id='word_1_124' title='bbox 1297 1106 1379 1140; x_wconf 69' lang='lat' dir='ltr'><strong>huic</strong></span> <span class='ocrx_word' id='word_1_125' title='bbox 1395 1107 1528 1141; x_wconf 75' lang='lat' dir='ltr'><strong>munao</strong></span> <span class='ocrx_word' id='word_1_126' title='bbox 1554 1114 1587 1143; x_wconf 72' lang='lat' dir='ltr'><strong>et</strong></span> <span class='ocrx_word' id='word_1_127' title='bbox 1612 1107 1748 1142; x_wconf 62' lang='lat' dir='ltr'><strong>actam</strong></span> <span class='ocrx_word' id='word_1_128' title='bbox 1775 1119 1819 1141; x_wconf 73' lang='lat' dir='ltr'><strong>ac</strong></span> 
     </span>
     <span class='ocr_line' id='line_1_16' title="bbox 327 1154 1817 1200; baseline 0.003 -14"><span class='ocrx_word' id='word_1_129' title='bbox 327 1154 513 1187; x_wconf 74' lang='lat' dir='ltr'><strong>desideriis</strong></span> <span class='ocrx_word' id='word_1_130' title='bbox 547 1154 622 1189; x_wconf 83' lang='lat' dir='ltr'><strong>eius</strong></span> <span class='ocrx_word' id='word_1_131' title='bbox 657 1167 729 1189; x_wconf 81' lang='lat' dir='ltr'><strong>esse</strong></span> <span class='ocrx_word' id='word_1_132' title='bbox 763 1158 969 1200; x_wconf 74' lang='lat' dir='ltr'><strong>defunctum</strong></span> <span class='ocrx_word' id='word_1_133' title='bbox 1002 1162 1101 1199; x_wconf 80' lang='lat' dir='ltr'><strong>teque</strong></span> <span class='ocrx_word' id='word_1_134' title='bbox 1134 1156 1325 1190; x_wconf 82' lang='lat' dir='ltr'><strong>secundum</strong></span> <span class='ocrx_word' id='word_1_135' title='bbox 1357 1157 1553 1199; x_wconf 83' lang='lat' dir='ltr'><strong>apostolum</strong></span> <span class='ocrx_word' id='word_1_136' title='bbox 1577 1157 1709 1191; x_wconf 78' lang='lat' dir='ltr'><strong>mundo</strong></span> <span class='ocrx_word' id='word_1_137' title='bbox 1735 1157 1817 1190; x_wconf 78' lang='lat' dir='ltr'><strong>huic</strong></span> 
     </span>
     <span class='ocr_line' id='line_1_17' title="bbox 327 1203 1819 1250; baseline 0.002 -14"><span class='ocrx_word' id='word_1_138' title='bbox 327 1214 400 1237; x_wconf 84' lang='lat' dir='ltr'><strong>esse</strong></span> <span class='ocrx_word' id='word_1_139' title='bbox 417 1203 622 1247; x_wconf 73' lang='lat' dir='ltr'><strong>crucifioeam</strong></span> <span class='ocrx_word' id='word_1_140' title='bbox 648 1204 776 1249; x_wconf 79' lang='lat' dir='ltr'><strong>tibique</strong></span> <span class='ocrx_word' id='word_1_141' title='bbox 801 1207 893 1240; x_wconf 79' lang='lat' dir='ltr'><strong>hunc</strong></span> <span class='ocrx_word' id='word_1_142' title='bbox 911 1206 1103 1246; x_wconf 82' lang='lat' dir='ltr'><strong>mundum,·</strong></span> <span class='ocrx_word' id='word_1_143' title='bbox 1129 1205 1323 1248; x_wconf 72' lang='lat' dir='ltr'><strong>consydera</strong></span> <span class='ocrx_word' id='word_1_144' title='bbox 1348 1216 1427 1250; x_wconf 74' lang='lat' dir='ltr'><strong>erqo</strong></span> <span class='ocrx_word' id='word_1_145' title='bbox 1450 1206 1666 1241; x_wconf 75' lang='lat' dir='ltr'><strong>conditiones</strong></span> <span class='ocrx_word' id='word_1_146' title='bbox 1691 1205 1819 1245; x_wconf 76' lang='lat' dir='ltr'><strong>crucis,</strong></span> 
     </span>
     <span class='ocr_line' id='line_1_18' title="bbox 328 1252 1819 1309; baseline 0.001 -23"><span class='ocrx_word' id='word_1_147' title='bbox 328 1252 392 1286; x_wconf 79' lang='lat' dir='ltr'><strong>sub</strong></span> <span class='ocrx_word' id='word_1_148' title='bbox 419 1252 553 1286; x_wconf 64' lang='lat' dir='ltr'><strong>huiusa</strong></span> <span class='ocrx_word' id='word_1_149' title='bbox 579 1257 610 1286; x_wconf 77' lang='lat' dir='ltr'><strong>te</strong></span> <span class='ocrx_word' id='word_1_150' title='bbox 637 1254 800 1299; x_wconf 76' lang='lat' dir='ltr'><strong>deinceps</strong></span> <span class='ocrx_word' id='word_1_151' title='bbox 826 1259 1042 1289; x_wconf 82' lang='lat' dir='ltr'><strong>sacramento</strong></span> <span class='ocrx_word' id='word_1_152' title='bbox 1061 1258 1193 1297; x_wconf 75' lang='lat' dir='ltr'><strong>oportet</strong></span> <span class='ocrx_word' id='word_1_153' title='bbox 1217 1254 1256 1287; x_wconf 86' lang='lat' dir='ltr'><strong>in</strong></span> <span class='ocrx_word' id='word_1_154' title='bbox 1273 1254 1340 1288; x_wconf 76' lang='lat' dir='ltr'><strong>hac</strong></span> <span class='ocrx_word' id='word_1_155' title='bbox 1365 1254 1442 1288; x_wconf 81' lang='lat' dir='ltr'><strong>lace</strong></span> <span class='ocrx_word' id='word_1_156' title='bbox 1466 1255 1615 1297; x_wconf 77' lang='lat' dir='ltr'><strong>versari,</strong></span> <span class='ocrx_word' id='word_1_157' title='bbox 1641 1255 1729 1298; x_wconf 78' lang='lat' dir='ltr'><strong>quia</strong></span> <span class='ocrx_word' id='word_1_158' title='bbox 1743 1254 1819 1309; x_wconf 65' lang='lat' dir='ltr'><strong>iam</strong></span> 
     </span>
    </p>
   </div>
   <div class='ocr_carea' id='block_1_4' title="bbox 329 1308 1816 1355">
    <p class='ocr_par' dir='ltr' id='par_1_4' title="bbox 329 1308 1816 1355">
     <span class='ocr_line' id='line_1_19' title="bbox 329 1308 1816 1355; baseline 0.001 -15"><span class='ocrx_word' id='word_1_159' title='bbox 329 1311 368 1340; x_wconf 82' lang='lat' dir='ltr'><strong>tu</strong></span> <span class='ocrx_word' id='word_1_160' title='bbox 398 1318 469 1340; x_wconf 88' lang='lat' dir='ltr'><strong>non</strong></span> <span class='ocrx_word' id='word_1_161' title='bbox 502 1308 609 1350; x_wconf 83' lang='lat' dir='ltr'><strong>vives,</strong></span> <span class='ocrx_word' id='word_1_162' title='bbox 644 1310 708 1343; x_wconf 86' lang='lat' dir='ltr'><strong>sed</strong></span> <span class='ocrx_word' id='word_1_163' title='bbox 733 1310 825 1344; x_wconf 85' lang='lat' dir='ltr'><strong>vivet</strong></span> <span class='ocrx_word' id='word_1_164' title='bbox 848 1310 889 1344; x_wconf 77' lang='lat' dir='ltr'><strong>in</strong></span> <span class='ocrx_word' id='word_1_165' title='bbox 915 1316 946 1344; x_wconf 84' lang='lat' dir='ltr'><strong>te</strong></span> <span class='ocrx_word' id='word_1_166' title='bbox 980 1308 1042 1352; x_wconf 80' lang='lat' dir='ltr'><strong>qui</strong></span> <span class='ocrx_word' id='word_1_167' title='bbox 1073 1308 1261 1352; x_wconf 72' lang='lat' dir='ltr'><strong>cruciftaeus</strong></span> <span class='ocrx_word' id='word_1_168' title='bbox 1287 1315 1337 1343; x_wconf 78' lang='lat' dir='ltr'><strong>est</strong></span> <span class='ocrx_word' id='word_1_169' title='bbox 1355 1321 1426 1353; x_wconf 79' lang='lat' dir='ltr'><strong>pro</strong></span> <span class='ocrx_word' id='word_1_170' title='bbox 1453 1315 1496 1344; x_wconf 87' lang='lat' dir='ltr'><strong>te.</strong></span> <span class='ocrx_word' id='word_1_171' title='bbox 1548 1310 1602 1344; x_wconf 86' lang='lat' dir='ltr'><strong>Eo</strong></span> <span class='ocrx_word' id='word_1_172' title='bbox 1628 1322 1721 1355; x_wconf 75' lang='lat' dir='ltr'><strong>erqo,</strong></span> <span class='ocrx_word' id='word_1_173' title='bbox 1754 1315 1816 1341; x_wconf 87' lang='lat' dir='ltr'><strong>ln-</strong></span> 
     </span>
    </p>
   </div>
   <div class='ocr_carea' id='block_1_5' title="bbox 329 1352 1821 1557">
    <p class='ocr_par' dir='ltr' id='par_1_5' title="bbox 329 1352 1821 1557">
     <span class='ocr_line' id='line_1_20' title="bbox 330 1352 1818 1409; baseline 0.004 -16"><span class='ocrx_word' id='word_1_174' title='bbox 330 1352 436 1409; x_wconf 79' lang='lat' dir='ltr'><strong>quit,</strong></span> <span class='ocrx_word' id='word_1_175' title='bbox 469 1363 593 1396; x_wconf 81' lang='lat' dir='ltr'><strong>habitu</strong></span> <span class='ocrx_word' id='word_1_176' title='bbox 627 1375 670 1397; x_wconf 87' lang='lat' dir='ltr'><strong>ac</strong></span> <span class='ocrx_word' id='word_1_177' title='bbox 693 1366 827 1409; x_wconf 65' lang='lat' dir='ltr'><strong>figura,</strong></span> <span class='ocrx_word' id='word_1_178' title='bbox 862 1376 934 1408; x_wconf 78' lang='lat' dir='ltr'><strong>qua</strong></span> <span class='ocrx_word' id='word_1_179' title='bbox 962 1376 1031 1407; x_wconf 87' lang='lat' dir='ltr'><strong>pro</strong></span> <span class='ocrx_word' id='word_1_180' title='bbox 1063 1363 1162 1396; x_wconf 76' lang='lat' dir='ltr'><strong>nohis</strong></span> <span class='ocrx_word' id='word_1_181' title='bbox 1187 1363 1225 1397; x_wconf 88' lang='lat' dir='ltr'><strong>in</strong></span> <span class='ocrx_word' id='word_1_182' title='bbox 1249 1365 1409 1408; x_wconf 81' lang='lat' dir='ltr'><strong>patibulo</strong></span> <span class='ocrx_word' id='word_1_183' title='bbox 1425 1365 1506 1408; x_wconf 80' lang='lat' dir='ltr'><strong>fuit</strong></span> <span class='ocrx_word' id='word_1_184' title='bbox 1528 1366 1587 1400; x_wconf 76' lang='lat' dir='ltr'><strong>ille</strong></span> <span class='ocrx_word' id='word_1_185' title='bbox 1613 1376 1818 1409; x_wconf 76' lang='lat' dir='ltr'><strong>suspensus,</strong></span> 
     </span>
     <span class='ocr_line' id='line_1_21' title="bbox 329 1412 1819 1456; baseline 0.001 -11"><span class='ocrx_word' id='word_1_186' title='bbox 329 1424 393 1445; x_wconf 87' lang='lat' dir='ltr'><strong>nos</strong></span> <span class='ocrx_word' id='word_1_187' title='bbox 427 1423 564 1455; x_wconf 79' lang='lat' dir='ltr'><strong>quoque</strong></span> <span class='ocrx_word' id='word_1_188' title='bbox 596 1424 734 1448; x_wconf 83' lang='lat' dir='ltr'><strong>necesse</strong></span> <span class='ocrx_word' id='word_1_189' title='bbox 768 1418 817 1447; x_wconf 83' lang='lat' dir='ltr'><strong>est</strong></span> <span class='ocrx_word' id='word_1_190' title='bbox 843 1413 881 1447; x_wconf 87' lang='lat' dir='ltr'><strong>in</strong></span> <span class='ocrx_word' id='word_1_191' title='bbox 907 1414 974 1447; x_wconf 81' lang='lat' dir='ltr'><strong>hac</strong></span> <span class='ocrx_word' id='word_1_192' title='bbox 998 1413 1073 1446; x_wconf 83' lang='lat' dir='ltr'><strong>vita</strong></span> <span class='ocrx_word' id='word_1_193' title='bbox 1098 1413 1232 1456; x_wconf 75' lang='lat' dir='ltr'><strong>deqere,</strong></span> <span class='ocrx_word' id='word_1_194' title='bbox 1259 1418 1298 1446; x_wconf 86' lang='lat' dir='ltr'><strong>ut</strong></span> <span class='ocrx_word' id='word_1_195' title='bbox 1322 1412 1452 1447; x_wconf 76' lang='lat' dir='ltr'><strong>scilicet</strong></span> <span class='ocrx_word' id='word_1_196' title='bbox 1477 1415 1670 1448; x_wconf 74' lang='lat' dir='ltr'><strong>secundum</strong></span> <span class='ocrx_word' id='word_1_197' title='bbox 1694 1413 1819 1447; x_wconf 83' lang='lat' dir='ltr'><strong>David</strong></span> 
     </span>
     <span class='ocr_line' id='line_1_22' title="bbox 332 1458 1821 1505; baseline 0.001 -11"><span class='ocrx_word' id='word_1_198' title='bbox 332 1458 554 1505; x_wconf 66' lang='lat' dir='ltr'><strong>affliyentesb</strong></span> <span class='ocrx_word' id='word_1_199' title='bbox 590 1462 634 1496; x_wconf 83' lang='lat' dir='ltr'><strong>de</strong></span> <span class='ocrx_word' id='word_1_200' title='bbox 669 1463 789 1497; x_wconf 83' lang='lat' dir='ltr'><strong>timore</strong></span> <span class='ocrx_word' id='word_1_201' title='bbox 814 1462 962 1497; x_wconf 82' lang='lat' dir='ltr'><strong>Domini</strong></span> <span class='ocrx_word' id='word_1_202' title='bbox 987 1473 1110 1495; x_wconf 81' lang='lat' dir='ltr'><strong>carnes</strong></span> <span class='ocrx_word' id='word_1_203' title='bbox 1136 1467 1287 1503; x_wconf 82' lang='lat' dir='ltr'><strong>nostras,</strong></span> <span class='ocrx_word' id='word_1_204' title='bbox 1323 1463 1509 1497; x_wconf 77' lang='lat' dir='ltr'><strong>universas</strong></span> <span class='ocrx_word' id='word_1_205' title='bbox 1541 1464 1740 1498; x_wconf 76' lang='lat' dir='ltr'><strong>voluntates</strong></span> <span class='ocrx_word' id='word_1_206' title='bbox 1777 1474 1821 1496; x_wconf 82' lang='lat' dir='ltr'><strong>ac</strong></span> 
     </span>
     <span class='ocr_line' id='line_1_23' title="bbox 330 1509 1820 1557; baseline 0.001 -13"><span class='ocrx_word' id='word_1_207' title='bbox 330 1509 519 1554; x_wconf 76' lang='lat' dir='ltr'><strong>desyderia</strong></span> <span class='ocrx_word' id='word_1_208' title='bbox 545 1522 616 1544; x_wconf 83' lang='lat' dir='ltr'><strong>non</strong></span> <span class='ocrx_word' id='word_1_209' title='bbox 649 1518 790 1546; x_wconf 81' lang='lat' dir='ltr'><strong>nostrae</strong></span> <span class='ocrx_word' id='word_1_210' title='bbox 823 1511 1123 1555; x_wconf 76' lang='lat' dir='ltr'><strong>concupiscentiae</strong></span> <span class='ocrx_word' id='word_1_211' title='bbox 1148 1512 1346 1554; x_wconf 78' lang='lat' dir='ltr'><strong>servientia,</strong></span> <span class='ocrx_word' id='word_1_212' title='bbox 1373 1513 1435 1545; x_wconf 83' lang='lat' dir='ltr'><strong>sed</strong></span> <span class='ocrx_word' id='word_1_213' title='bbox 1460 1511 1718 1557; x_wconf 69' lang='lat' dir='ltr'><strong>mortificationi</strong></span> <span class='ocrx_word' id='word_1_214' title='bbox 1742 1512 1820 1546; x_wconf 72' lang='lat' dir='ltr'><strong>eius</strong></span> 
     </span>
    </p>
   </div>
   <div class='ocr_carea' id='block_1_6' title="bbox 278 1556 1824 2623">
    <p class='ocr_par' dir='ltr' id='par_1_6' title="bbox 330 1556 1822 2286">
     <span class='ocr_line' id='line_1_24' title="bbox 331 1556 1819 1613; baseline -0.001 -14"><span class='ocrx_word' id='word_1_215' title='bbox 331 1565 524 1599; x_wconf 78' lang='lat' dir='ltr'><strong>habeamus</strong></span> <span class='ocrx_word' id='word_1_216' title='bbox 561 1567 686 1609; x_wconf 75' lang='lat' dir='ltr'><strong>affixa.</strong></span> <span class='ocrx_word' id='word_1_217' title='bbox 762 1557 889 1600; x_wconf 90' lang='lat' dir='ltr'><strong>Unde</strong></span> <span class='ocrx_word' id='word_1_218' title='bbox 932 1565 975 1598; x_wconf 90' lang='lat' dir='ltr'><strong>et</strong></span> <span class='ocrx_word' id='word_1_219' title='bbox 1018 1556 1323 1598; x_wconf 84' lang='lat' dir='ltr'><strong>monachorum</strong></span> <span class='ocrx_word' id='word_1_220' title='bbox 1368 1565 1490 1613; x_wconf 86' lang='lat' dir='ltr'><strong>pater</strong></span> <span class='ocrx_word' id='word_1_221' title='bbox 1532 1557 1819 1601; x_wconf 78' lang='lat' dir='ltr'><strong>Benedictus³</strong></span> 
     </span>
     <span class='ocr_line' id='line_1_25' title="bbox 331 1610 1818 1669; baseline 0.002 -18"><span class='ocrx_word' id='word_1_222' title='bbox 331 1610 504 1662; x_wconf 84' lang='lat' dir='ltr'><strong>docens,</strong></span> <span class='ocrx_word' id='word_1_223' title='bbox 543 1612 757 1667; x_wconf 90' lang='lat' dir='ltr'><strong>quomodo</strong></span> <span class='ocrx_word' id='word_1_224' title='bbox 796 1620 989 1669; x_wconf 86' lang='lat' dir='ltr'><strong>oporteat</strong></span> <span class='ocrx_word' id='word_1_225' title='bbox 1031 1614 1323 1656; x_wconf 85' lang='lat' dir='ltr'><strong>renuntiantes</strong></span> <span class='ocrx_word' id='word_1_226' title='bbox 1360 1613 1529 1656; x_wconf 90' lang='lat' dir='ltr'><strong>saeculo</strong></span> <span class='ocrx_word' id='word_1_227' title='bbox 1573 1613 1818 1657; x_wconf 86' lang='lat' dir='ltr'><strong>conversari</strong></span> 
     </span>
     <span class='ocr_line' id='line_1_26' title="bbox 331 1665 1818 1726; baseline 0.004 -19"><span class='ocrx_word' id='word_1_228' title='bbox 331 1667 376 1708; x_wconf 89' lang='lat' dir='ltr'><strong>in</strong></span> <span class='ocrx_word' id='word_1_229' title='bbox 417 1665 532 1708; x_wconf 88' lang='lat' dir='ltr'><strong>scola</strong></span> <span class='ocrx_word' id='word_1_230' title='bbox 561 1667 694 1710; x_wconf 91' lang='lat' dir='ltr'><strong>divini</strong></span> <span class='ocrx_word' id='word_1_231' title='bbox 736 1670 926 1711; x_wconf 82' lang='lat' dir='ltr'><strong>servitii:</strong></span> <span class='ocrx_word' id='word_1_232' title='bbox 961 1678 1203 1721; x_wconf 74' lang='lat' dir='ltr'><strong>Passionibus‚</strong></span> <span class='ocrx_word' id='word_1_233' title='bbox 1238 1669 1389 1726; x_wconf 91' lang='lat' dir='ltr'><strong>inquit,</strong></span> <span class='ocrx_word' id='word_1_234' title='bbox 1430 1679 1562 1714; x_wconf 76' lang='lat' dir='ltr'><strong>Christi</strong></span> <span class='ocrx_word' id='word_1_235' title='bbox 1589 1691 1657 1725; x_wconf 79' lang='lat' dir='ltr'><strong>per</strong></span> <span class='ocrx_word' id='word_1_236' title='bbox 1674 1679 1818 1724; x_wconf 75' lang='lat' dir='ltr'><strong>patien-</strong></span> 
     </span>
     <span class='ocr_line' id='line_1_27' title="bbox 330 1725 1821 1780; baseline 0 -15"><span class='ocrx_word' id='word_1_237' title='bbox 330 1733 417 1766; x_wconf 81' lang='lat' dir='ltr'><strong>tiam</strong></span> <span class='ocrx_word' id='word_1_238' title='bbox 448 1733 721 1776; x_wconf 77' lang='lat' dir='ltr'><strong>participemur,</strong></span> <span class='ocrx_word' id='word_1_239' title='bbox 758 1740 796 1767; x_wconf 76' lang='lat' dir='ltr'><strong>ut</strong></span> <span class='ocrx_word' id='word_1_240' title='bbox 829 1734 930 1778; x_wconf 75' lang='lat' dir='ltr'><strong>reqni</strong></span> <span class='ocrx_word' id='word_1_241' title='bbox 970 1732 1045 1767; x_wconf 76' lang='lat' dir='ltr'><strong>eius</strong></span> <span class='ocrx_word' id='word_1_242' title='bbox 1084 1740 1258 1768; x_wconf 80' lang='lat' dir='ltr'><strong>consortes</strong></span> <span class='ocrx_word' id='word_1_243' title='bbox 1292 1746 1365 1769; x_wconf 85' lang='lat' dir='ltr'><strong>esse</strong></span> <span class='ocrx_word' id='word_1_244' title='bbox 1405 1746 1615 1769; x_wconf 80' lang='lat' dir='ltr'><strong>mereamur.</strong></span> <span class='ocrx_word' id='word_1_245' title='bbox 1678 1725 1821 1780; x_wconf 76' lang='lat' dir='ltr'><strong>Igitur</strong></span> 
     </span>
     <span class='ocr_line' id='line_1_28' title="bbox 331 1777 1821 1837; baseline 0.003 -19"><span class='ocrx_word' id='word_1_246' title='bbox 331 1777 507 1830; x_wconf 89' lang='lat' dir='ltr'><strong>cuculla,</strong></span> <span class='ocrx_word' id='word_1_247' title='bbox 549 1793 658 1835; x_wconf 88' lang='lat' dir='ltr'><strong>quae</strong></span> <span class='ocrx_word' id='word_1_248' title='bbox 691 1780 832 1820; x_wconf 89' lang='lat' dir='ltr'><strong>minor</strong></span> <span class='ocrx_word' id='word_1_249' title='bbox 862 1779 968 1821; x_wconf 89' lang='lat' dir='ltr'><strong>cella</strong></span> <span class='ocrx_word' id='word_1_250' title='bbox 996 1779 1309 1834; x_wconf 86' lang='lat' dir='ltr'><strong>interpretatur,</strong></span> <span class='ocrx_word' id='word_1_251' title='bbox 1342 1805 1390 1810; x_wconf 87' lang='lat'>—</span> <span class='ocrx_word' id='word_1_252' title='bbox 1423 1787 1551 1837; x_wconf 88' lang='lat' dir='ltr'><strong>atque</strong></span> <span class='ocrx_word' id='word_1_253' title='bbox 1580 1779 1678 1823; x_wconf 90' lang='lat' dir='ltr'><strong>ideo</strong></span> <span class='ocrx_word' id='word_1_254' title='bbox 1708 1781 1821 1823; x_wconf 91' lang='lat' dir='ltr'><strong>sicut</strong></span> 
     </span>
     <span class='ocr_line' id='line_1_29' title="bbox 331 1833 1821 1892; baseline 0.003 -17"><span class='ocrx_word' id='word_1_255' title='bbox 331 1833 565 1875; x_wconf 85' lang='lat' dir='ltr'><strong>monachus</strong></span> <span class='ocrx_word' id='word_1_256' title='bbox 606 1841 672 1877; x_wconf 88' lang='lat' dir='ltr'><strong>est</strong></span> <span class='ocrx_word' id='word_1_257' title='bbox 699 1834 956 1877; x_wconf 88' lang='lat' dir='ltr'><strong>vocabulum</strong></span> <span class='ocrx_word' id='word_1_258' title='bbox 997 1834 1211 1891; x_wconf 86' lang='lat' dir='ltr'><strong>quoddam</strong></span> <span class='ocrx_word' id='word_1_259' title='bbox 1249 1836 1453 1892; x_wconf 87' lang='lat' dir='ltr'><strong>mysterii,</strong></span> <span class='ocrx_word' id='word_1_260' title='bbox 1492 1837 1553 1878; x_wconf 88' lang='lat' dir='ltr'><strong>sic</strong></span> <span class='ocrx_word' id='word_1_261' title='bbox 1583 1843 1625 1879; x_wconf 91' lang='lat' dir='ltr'><strong>et</strong></span> <span class='ocrx_word' id='word_1_262' title='bbox 1653 1836 1821 1879; x_wconf 82' lang='lat' dir='ltr'><strong>cuculla</strong></span> 
     </span>
     <span class='ocr_line' id='line_1_30' title="bbox 331 1890 1820 1948; baseline 0.001 -15"><span class='ocrx_word' id='word_1_263' title='bbox 331 1897 397 1933; x_wconf 85' lang='lat' dir='ltr'><strong>est</strong></span> <span class='ocrx_word' id='word_1_264' title='bbox 433 1890 642 1946; x_wconf 83' lang='lat' dir='ltr'><strong>quaedam</strong></span> <span class='ocrx_word' id='word_1_265' title='bbox 671 1891 807 1933; x_wconf 86' lang='lat' dir='ltr'><strong>virtus</strong></span> <span class='ocrx_word' id='word_1_266' title='bbox 848 1892 1116 1944; x_wconf 85' lang='lat' dir='ltr'><strong>sacramenti,</strong></span> <span class='ocrx_word' id='word_1_267' title='bbox 1147 1906 1276 1948; x_wconf 90' lang='lat' dir='ltr'><strong>super</strong></span> <span class='ocrx_word' id='word_1_268' title='bbox 1306 1891 1476 1948; x_wconf 90' lang='lat' dir='ltr'><strong>qualem</strong></span> <span class='ocrx_word' id='word_1_269' title='bbox 1506 1891 1670 1936; x_wconf 86' lang='lat' dir='ltr'><strong>scilicet</strong></span> <span class='ocrx_word' id='word_1_270' title='bbox 1699 1908 1719 1935; x_wconf 92' lang='lat' dir='ltr'><strong>s</strong></span> <span class='ocrx_word' id='word_1_271' title='bbox 1752 1893 1820 1934; x_wconf 87' lang='lat' dir='ltr'><strong>iri-</strong></span> 
     </span>
     <span class='ocr_line' id='line_1_31' title="bbox 330 1908 1820 2005; baseline 0.002 -16"><span class='ocrx_word' id='word_1_272' title='bbox 330 1945 487 1989; x_wconf 86' lang='lat' dir='ltr'><strong>tualem</strong></span> <span class='ocrx_word' id='word_1_273' title='bbox 524 1946 718 1989; x_wconf 87' lang='lat' dir='ltr'><strong>habitum</strong></span> <span class='ocrx_word' id='word_1_274' title='bbox 757 1947 912 2005; x_wconf 89' lang='lat' dir='ltr'><strong>legitur</strong></span> <span class='ocrx_word' id='word_1_275' title='bbox 951 1947 1123 2004; x_wconf 90' lang='lat' dir='ltr'><strong>quidam</strong></span> <span class='ocrx_word' id='word_1_276' title='bbox 1164 1947 1216 1989; x_wconf 88' lang='lat' dir='ltr'><strong>de</strong></span> <span class='ocrx_word' id='word_1_277' title='bbox 1246 1949 1406 1991; x_wconf 87' lang='lat' dir='ltr'><strong>sanctis</strong></span> <span class='ocrx_word' id='word_1_278' title='bbox 1436 1949 1630 2005; x_wconf 89' lang='lat' dir='ltr'><strong>patribus</strong></span> <span class='ocrx_word' id='word_1_279' title='bbox 1657 1908 1820 1992; x_wconf 60' lang='lat' dir='ltr'><strong>vidIisse</strong></span> 
     </span>
     <span class='ocr_line' id='line_1_32' title="bbox 333 2002 1822 2062; baseline 0.003 -18"><span class='ocrx_word' id='word_1_280' title='bbox 333 2002 513 2044; x_wconf 86' lang='lat' dir='ltr'><strong>eandem</strong></span> <span class='ocrx_word' id='word_1_281' title='bbox 534 2004 737 2046; x_wconf 88' lang='lat' dir='ltr'><strong>virtutem</strong></span> <span class='ocrx_word' id='word_1_282' title='bbox 761 2011 885 2058; x_wconf 89' lang='lat' dir='ltr'><strong>stare,</strong></span> <span class='ocrx_word' id='word_1_283' title='bbox 909 2018 1038 2060; x_wconf 89' lang='lat' dir='ltr'><strong>quam</strong></span> <span class='ocrx_word' id='word_1_284' title='bbox 1059 2004 1168 2046; x_wconf 87' lang='lat' dir='ltr'><strong>vidit</strong></span> <span class='ocrx_word' id='word_1_285' title='bbox 1197 2019 1325 2060; x_wconf 88' lang='lat' dir='ltr'><strong>super</strong></span> <span class='ocrx_word' id='word_1_286' title='bbox 1342 2004 1608 2062; x_wconf 88' lang='lat' dir='ltr'><strong>baptismum</strong></span> <span class='ocrx_word' id='word_1_287' title='bbox 1637 2012 1750 2048; x_wconf 85' lang='lat' dir='ltr'><strong>stare</strong></span> <span class='ocrx_word' id='word_1_288' title='bbox 1764 2032 1822 2037; x_wconf 87' lang='lat'><strong>—-</strong></span> 
     </span>
     <span class='ocr_line' id='line_1_33' title="bbox 332 2058 1822 2114; baseline 0.003 -14"><span class='ocrx_word' id='word_1_289' title='bbox 332 2058 501 2101; x_wconf 85' lang='lat' dir='ltr'><strong>cuculla</strong></span> <span class='ocrx_word' id='word_1_290' title='bbox 535 2067 693 2113; x_wconf 89' lang='lat' dir='ltr'><strong>autem,</strong></span> <span class='ocrx_word' id='word_1_291' title='bbox 730 2060 775 2102; x_wconf 90' lang='lat' dir='ltr'><strong>id</strong></span> <span class='ocrx_word' id='word_1_292' title='bbox 814 2068 878 2103; x_wconf 88' lang='grc'><strong>631</strong></span> <span class='ocrx_word' id='word_1_293' title='bbox 911 2060 1051 2101; x_wconf 90' lang='lat' dir='ltr'><strong>minor</strong></span> <span class='ocrx_word' id='word_1_294' title='bbox 1089 2059 1207 2114; x_wconf 89' lang='lat' dir='ltr'><strong>cella,</strong></span> <span class='ocrx_word' id='word_1_295' title='bbox 1248 2060 1403 2103; x_wconf 90' lang='lat' dir='ltr'><strong>dicitur</strong></span> <span class='ocrx_word' id='word_1_296' title='bbox 1440 2063 1570 2104; x_wconf 85' lang='lat' dir='ltr'><strong>vestis</strong></span> <span class='ocrx_word' id='word_1_297' title='bbox 1609 2061 1822 2104; x_wconf 82' lang='lat' dir='ltr'><strong>cucullata</strong></span> 
     </span>
     <span class='ocr_line' id='line_1_34' title="bbox 332 2116 1821 2175; baseline 0.002 -18"><span class='ocrx_word' id='word_1_298' title='bbox 332 2122 508 2172; x_wconf 88' lang='lat' dir='ltr'><strong>propter</strong></span> <span class='ocrx_word' id='word_1_299' title='bbox 537 2116 764 2170; x_wconf 88' lang='lat' dir='ltr'><strong>cucullum,</strong></span> <span class='ocrx_word' id='word_1_300' title='bbox 794 2117 869 2173; x_wconf 89' lang='lat' dir='ltr'><strong>qui</strong></span> <span class='ocrx_word' id='word_1_301' title='bbox 898 2123 962 2158; x_wconf 90' lang='lat' dir='ltr'><strong>est</strong></span> <span class='ocrx_word' id='word_1_302' title='bbox 996 2117 1147 2172; x_wconf 87' lang='lat' dir='ltr'><strong>capitis</strong></span> <span class='ocrx_word' id='word_1_303' title='bbox 1177 2119 1511 2174; x_wconf 89' lang='lat' dir='ltr'><strong>operimentum;</strong></span> <span class='ocrx_word' id='word_1_304' title='bbox 1551 2118 1605 2161; x_wconf 89' lang='lat' dir='ltr'><strong>de</strong></span> <span class='ocrx_word' id='word_1_305' title='bbox 1635 2133 1720 2175; x_wconf 90' lang='lat' dir='ltr'><strong>quo</strong></span> <span class='ocrx_word' id='word_1_306' title='bbox 1757 2119 1821 2160; x_wconf 87' lang='lat' dir='ltr'><strong>sic</strong></span> 
     </span>
     <span class='ocr_line' id='line_1_35' title="bbox 334 2172 1288 2229; baseline 0.001 -15"><span class='ocrx_word' id='word_1_307' title='bbox 334 2172 483 2214; x_wconf 89' lang='lat' dir='ltr'><strong>scribit</strong></span> <span class='ocrx_word' id='word_1_308' title='bbox 512 2172 716 2228; x_wconf 81' lang='lat' dir='ltr'><strong>quidam4</strong></span> <span class='ocrx_word' id='word_1_309' title='bbox 748 2172 800 2215; x_wconf 90' lang='lat' dir='ltr'><strong>de</strong></span> <span class='ocrx_word' id='word_1_310' title='bbox 829 2173 1016 2229; x_wconf 87' lang='lat' dir='ltr'><strong>antiquis</strong></span> <span class='ocrx_word' id='word_1_311' title='bbox 1045 2179 1288 2228; x_wconf 87' lang='lat' dir='ltr'><strong>poetarum:</strong></span> 
     </span>
     <span class='ocr_line' id='line_1_36' title="bbox 532 2229 1615 2286; baseline 0.002 -16"><span class='ocrx_word' id='word_1_312' title='bbox 532 2230 625 2271; x_wconf 85' lang='lat' dir='ltr'><strong>Tem</strong></span> <span class='ocrx_word' id='word_1_313' title='bbox 665 2245 745 2271; x_wconf 84' lang='lat' dir='ltr'><strong>ora</strong></span> <span class='ocrx_word' id='word_1_314' title='bbox 775 2229 1015 2271; x_wconf 81' lang='lat' dir='ltr'><strong>Santonico</strong></span> <span class='ocrx_word' id='word_1_315' title='bbox 1046 2229 1162 2270; x_wconf 83' lang='lat' dir='ltr'><strong>velas</strong></span> <span class='ocrx_word' id='word_1_316' title='bbox 1193 2230 1406 2286; x_wconf 85' lang='lat' dir='ltr'><strong>adoperta</strong></span> <span class='ocrx_word' id='word_1_317' title='bbox 1435 2229 1615 2273; x_wconf 80' lang='lat' dir='ltr'><strong>cucullo.</strong></span> 
     </span>
    </p>

    <p class='ocr_par' dir='ltr' id='par_1_7' title="bbox 278 2284 1824 2398">
     <span class='ocr_line' id='line_1_37' title="bbox 332 2284 1822 2342; baseline 0.001 -16"><span class='ocrx_word' id='word_1_318' title='bbox 332 2285 472 2340; x_wconf 86' lang='lat' dir='ltr'><strong>Igitur</strong></span> <span class='ocrx_word' id='word_1_319' title='bbox 511 2299 622 2326; x_wconf 87' lang='grc'><strong>611611</strong></span> <span class='ocrx_word' id='word_1_320' title='bbox 653 2300 679 2326; x_wconf 91' lang='lat' dir='ltr'><strong>a</strong></span> <span class='ocrx_word' id='word_1_321' title='bbox 717 2291 781 2327; x_wconf 88' lang='lat' dir='ltr'><strong>est</strong></span> <span class='ocrx_word' id='word_1_322' title='bbox 818 2286 965 2328; x_wconf 89' lang='lat' dir='ltr'><strong>tunica</strong></span> <span class='ocrx_word' id='word_1_323' title='bbox 1002 2284 1147 2327; x_wconf 88' lang='lat' dir='ltr'><strong>talaris</strong></span> <span class='ocrx_word' id='word_1_324' title='bbox 1190 2293 1232 2328; x_wconf 84' lang='lat' dir='ltr'><strong>et</strong></span> <span class='ocrx_word' id='word_1_325' title='bbox 1271 2286 1478 2328; x_wconf 87' lang='lat' dir='ltr'><strong>cucullata</strong></span> <span class='ocrx_word' id='word_1_326' title='bbox 1518 2292 1647 2342; x_wconf 89' lang='lat' dir='ltr'><strong>atque</strong></span> <span class='ocrx_word' id='word_1_327' title='bbox 1688 2286 1822 2327; x_wconf 84' lang='lat' dir='ltr'><strong>mani-</strong></span> 
     </span>
     <span class='ocr_line' id='line_1_38' title="bbox 278 2340 1824 2398; baseline 0.001 -16"><span class='ocrx_word' id='word_1_328' title='bbox 278 2375 285 2381; x_wconf 82' lang='lat'><em>.</em></span> <span class='ocrx_word' id='word_1_329' title='bbox 333 2348 428 2383; x_wconf 89' lang='lat' dir='ltr'><strong>cata</strong></span> <span class='ocrx_word' id='word_1_330' title='bbox 456 2340 619 2383; x_wconf 89' lang='lat' dir='ltr'><strong>habens</strong></span> <span class='ocrx_word' id='word_1_331' title='bbox 648 2342 836 2397; x_wconf 87' lang='lat' dir='ltr'><strong>speciem</strong></span> <span class='ocrx_word' id='word_1_332' title='bbox 865 2341 1006 2383; x_wconf 88' lang='lat' dir='ltr'><strong>crucis</strong></span> <span class='ocrx_word' id='word_1_333' title='bbox 1068 2357 1113 2383; x_wconf 90' lang='lat' dir='ltr'><strong>er</strong></span> <span class='ocrx_word' id='word_1_334' title='bbox 1131 2348 1331 2398; x_wconf 86' lang='lat' dir='ltr'><strong>quattuor</strong></span> <span class='ocrx_word' id='word_1_335' title='bbox 1390 2349 1501 2384; x_wconf 89' lang='lat' dir='ltr'><strong>artes</strong></span> <span class='ocrx_word' id='word_1_336' title='bbox 1531 2348 1746 2395; x_wconf 86' lang='lat' dir='ltr'><strong>extensae,</strong></span> <span class='ocrx_word' id='word_1_337' title='bbox 1775 2348 1824 2384; x_wconf 86' lang='lat' dir='ltr'><strong>ut</strong></span> 
     </span>
    </p>

    <p class='ocr_par' dir='ltr' id='par_1_8' title="bbox 334 2357 1824 2623">
     <span class='ocr_line' id='line_1_39' title="bbox 334 2357 1823 2454; baseline 0.001 -15"><span class='ocrx_word' id='word_1_338' title='bbox 334 2411 445 2450; x_wconf 90' lang='lat' dir='ltr'><strong>eum,</strong></span> <span class='ocrx_word' id='word_1_339' title='bbox 476 2398 551 2453; x_wconf 89' lang='lat' dir='ltr'><strong>qui</strong></span> <span class='ocrx_word' id='word_1_340' title='bbox 571 2397 803 2439; x_wconf 84' lang='lat' dir='ltr'><strong>crucifixus</strong></span> <span class='ocrx_word' id='word_1_341' title='bbox 830 2405 895 2440; x_wconf 88' lang='lat' dir='ltr'><strong>est</strong></span> <span class='ocrx_word' id='word_1_342' title='bbox 925 2412 1027 2438; x_wconf 91' lang='lat' dir='ltr'><strong>mun</strong></span> <span class='ocrx_word' id='word_1_343' title='bbox 1060 2412 1098 2450; x_wconf 92' lang='lat' dir='ltr'><strong>o,</strong></span> <span class='ocrx_word' id='word_1_344' title='bbox 1129 2398 1233 2440; x_wconf 88' lang='lat' dir='ltr'><strong>haec</strong></span> <span class='ocrx_word' id='word_1_345' title='bbox 1253 2357 1462 2454; x_wconf 50' lang='lat' dir='ltr'><strong>quadliriga</strong></span> <span class='ocrx_word' id='word_1_346' title='bbox 1491 2413 1547 2440; x_wconf 86' lang='lat' dir='ltr'><strong>ex</strong></span> <span class='ocrx_word' id='word_1_347' title='bbox 1566 2399 1683 2440; x_wconf 93' lang='lat' dir='ltr'><strong>omni</strong></span> <span class='ocrx_word' id='word_1_348' title='bbox 1703 2403 1823 2454; x_wconf 88' lang='lat' dir='ltr'><strong>parte</strong></span> 
     </span>
     <span class='ocr_line' id='line_1_40' title="bbox 335 2452 1823 2510; baseline 0.002 -17"><span class='ocrx_word' id='word_1_349' title='bbox 335 2452 561 2495; x_wconf 88' lang='lat' dir='ltr'><strong>concludat</strong></span> <span class='ocrx_word' id='word_1_350' title='bbox 598 2459 726 2510; x_wconf 89' lang='lat' dir='ltr'><strong>atque</strong></span> <span class='ocrx_word' id='word_1_351' title='bbox 770 2453 977 2509; x_wconf 88' lang='lat' dir='ltr'><strong>perducat</strong></span> <span class='ocrx_word' id='word_1_352' title='bbox 1019 2453 1076 2495; x_wconf 88' lang='lat' dir='ltr'><strong>ad</strong></span> <span class='ocrx_word' id='word_1_353' title='bbox 1120 2452 1332 2507; x_wconf 87' lang='lat' dir='ltr'><strong>caelestia,</strong></span> <span class='ocrx_word' id='word_1_354' title='bbox 1377 2453 1540 2495; x_wconf 90' lang='lat' dir='ltr'><strong>scilicet</strong></span> <span class='ocrx_word' id='word_1_355' title='bbox 1579 2454 1823 2510; x_wconf 84' lang='lat' dir='ltr'><strong>prudentia,</strong></span> 
     </span>
     <span class='ocr_line' id='line_1_41' title="bbox 334 2508 1822 2566; baseline 0.002 -17"><span class='ocrx_word' id='word_1_356' title='bbox 334 2508 508 2562; x_wconf 86' lang='lat' dir='ltr'><strong>iustitia,</strong></span> <span class='ocrx_word' id='word_1_357' title='bbox 536 2509 739 2551; x_wconf 89' lang='lat' dir='ltr'><strong>fortitudo</strong></span> <span class='ocrx_word' id='word_1_358' title='bbox 769 2516 898 2566; x_wconf 89' lang='lat' dir='ltr'><strong>atque</strong></span> <span class='ocrx_word' id='word_1_359' title='bbox 926 2511 1219 2566; x_wconf 85' lang='lat' dir='ltr'><strong>temperantia,</strong></span> <span class='ocrx_word' id='word_1_360' title='bbox 1255 2510 1315 2551; x_wconf 90' lang='lat' dir='ltr'><strong>ita</strong></span> <span class='ocrx_word' id='word_1_361' title='bbox 1344 2516 1391 2552; x_wconf 91' lang='lat' dir='ltr'><strong>ut</strong></span> <span class='ocrx_word' id='word_1_362' title='bbox 1420 2510 1646 2566; x_wconf 87' lang='lat' dir='ltr'><strong>prudentia</strong></span> <span class='ocrx_word' id='word_1_363' title='bbox 1675 2511 1822 2553; x_wconf 87' lang='lat' dir='ltr'><strong>desur-</strong></span> 
     </span>
     <span class='ocr_line' id='line_1_42' title="bbox 335 2564 1824 2623; baseline 0.003 -18"><span class='ocrx_word' id='word_1_364' title='bbox 335 2578 429 2606; x_wconf 88' lang='lat' dir='ltr'><strong>sum</strong></span> <span class='ocrx_word' id='word_1_365' title='bbox 469 2564 666 2621; x_wconf 88' lang='lat' dir='ltr'><strong>copulata</strong></span> <span class='ocrx_word' id='word_1_366' title='bbox 701 2566 757 2607; x_wconf 88' lang='lat' dir='ltr'><strong>sit</strong></span> <span class='ocrx_word' id='word_1_367' title='bbox 794 2580 893 2607; x_wconf 89' lang='lat' dir='ltr'><strong>cum</strong></span> <span class='ocrx_word' id='word_1_368' title='bbox 932 2566 1106 2619; x_wconf 86' lang='lat' dir='ltr'><strong>iustitia,</strong></span> <span class='ocrx_word' id='word_1_369' title='bbox 1147 2580 1328 2622; x_wconf 89' lang='lat' dir='ltr'><strong>quarum</strong></span> <span class='ocrx_word' id='word_1_370' title='bbox 1365 2572 1517 2608; x_wconf 90' lang='lat' dir='ltr'><strong>neutra</strong></span> <span class='ocrx_word' id='word_1_371' title='bbox 1552 2573 1693 2623; x_wconf 86' lang='lat' dir='ltr'><strong>potest</strong></span> <span class='ocrx_word' id='word_1_372' title='bbox 1731 2581 1824 2610; x_wconf 85' lang='lat' dir='ltr'><strong>esse</strong></span> 
     </span>
    </p>
   </div>
   <div class='ocr_carea' id='block_1_7' title="bbox 337 2671 978 2707">
    <p class='ocr_par' dir='ltr' id='par_1_9' title="bbox 337 2671 978 2707">
     <span class='ocr_line' id='line_1_43' title="bbox 337 2671 978 2707; baseline 0 -9"><span class='ocrx_word' id='word_1_373' title='bbox 337 2671 367 2707; x_wconf 82' lang='lat' dir='ltr'><strong>a)</strong></span> <span class='ocrx_word' id='word_1_374' title='bbox 391 2673 477 2698; x_wconf 84' lang='lat' dir='ltr'><strong>cuius</strong></span> <span class='ocrx_word' id='word_1_375' title='bbox 500 2673 580 2700; x_wconf 83' lang='lat' dir='ltr'><strong>Cass.</strong></span> <span class='ocrx_word' id='word_1_376' title='bbox 660 2671 692 2706; x_wconf 86' lang='lat' dir='ltr'><strong>b)</strong></span> <span class='ocrx_word' id='word_1_377' title='bbox 714 2673 878 2705; x_wconf 78' lang='lat' dir='ltr'><strong>affigentes</strong></span> <span class='ocrx_word' id='word_1_378' title='bbox 901 2674 978 2700; x_wconf 76' lang='lat' dir='ltr'><strong>Cass.</strong></span> 
     </span>
    </p>
   </div>
   <div class='ocr_carea' id='block_1_8' title="bbox 339 2759 1826 2855">
    <p class='ocr_par' dir='ltr' id='par_1_10' title="bbox 339 2759 1826 2855">
     <span class='ocr_line' id='line_1_44' title="bbox 340 2759 1826 2806; baseline 0.003 -13"><span class='ocrx_word' id='word_1_379' title='bbox 340 2759 377 2804; x_wconf 89' lang='lat'><strong>1)</strong></span> <span class='ocrx_word' id='word_1_380' title='bbox 411 2762 620 2804; x_wconf 85' lang='lat' dir='ltr'><strong>Hieronymi</strong></span> <span class='ocrx_word' id='word_1_381' title='bbox 655 2763 756 2805; x_wconf 86' lang='lat' dir='ltr'><strong>epist.</strong></span> <span class='ocrx_word' id='word_1_382' title='bbox 785 2762 843 2794; x_wconf 46' lang='lat'><strong>52,</strong></span> <span class='ocrx_word' id='word_1_383' title='bbox 879 2762 927 2795; x_wconf 83' lang='lat' dir='ltr'><strong>ad</strong></span> <span class='ocrx_word' id='word_1_384' title='bbox 951 2763 1189 2806; x_wconf 84' lang='lat' dir='ltr'><strong>Nepotianum</strong></span> <span class='ocrx_word' id='word_1_385' title='bbox 1225 2764 1269 2797; x_wconf 87' lang='lat' dir='ltr'><strong>de</strong></span> <span class='ocrx_word' id='word_1_386' title='bbox 1294 2765 1369 2797; x_wconf 83' lang='lat' dir='ltr'><strong>vita</strong></span> <span class='ocrx_word' id='word_1_387' title='bbox 1398 2765 1615 2798; x_wconf 85' lang='lat' dir='ltr'><strong>Clericorum</strong></span> <span class='ocrx_word' id='word_1_388' title='bbox 1642 2768 1678 2798; x_wconf 84' lang='lat' dir='ltr'><strong>et</strong></span> <span class='ocrx_word' id='word_1_389' title='bbox 1699 2764 1826 2798; x_wconf 77' lang='lat' dir='ltr'><strong>saeer-</strong></span> 
     </span>
     <span class='ocr_line' id='line_1_45' title="bbox 339 2811 1824 2855; baseline 0.003 -13"><span class='ocrx_word' id='word_1_390' title='bbox 339 2811 471 2852; x_wconf 88' lang='lat' dir='ltr'><strong>dotum,</strong></span> <span class='ocrx_word' id='word_1_391' title='bbox 504 2812 623 2854; x_wconf 87' lang='lat' dir='ltr'><strong>Opera</strong></span> <span class='ocrx_word' id='word_1_392' title='bbox 655 2811 685 2855; x_wconf 75' lang='lat'><strong>1,</strong></span> <span class='ocrx_word' id='word_1_393' title='bbox 718 2812 750 2850; x_wconf 78' lang='grc'><strong>1,</strong></span> <span class='ocrx_word' id='word_1_394' title='bbox 789 2823 823 2854; x_wconf 87' lang='lat' dir='ltr'><strong>p.</strong></span> <span class='ocrx_word' id='word_1_395' title='bbox 852 2811 934 2845; x_wconf 82' lang='lat'>267.</span> <span class='ocrx_word' id='word_1_396' title='bbox 1048 2812 1084 2853; x_wconf 84' lang='lat'><strong>2)</strong></span> <span class='ocrx_word' id='word_1_397' title='bbox 1118 2812 1279 2846; x_wconf 81' lang='lat' dir='ltr'><strong>Cassian.</strong></span> <span class='ocrx_word' id='word_1_398' title='bbox 1306 2813 1368 2847; x_wconf 88' lang='lat' dir='ltr'><strong>lib.</strong></span> <span class='ocrx_word' id='word_1_399' title='bbox 1395 2815 1458 2848; x_wconf 89' lang='lat' dir='ltr'><strong>IV.</strong></span> <span class='ocrx_word' id='word_1_400' title='bbox 1490 2814 1535 2847; x_wconf 85' lang='lat' dir='ltr'><strong>de</strong></span> <span class='ocrx_word' id='word_1_401' title='bbox 1561 2814 1672 2847; x_wconf 85' lang='lat' dir='ltr'><strong>instit.</strong></span> <span class='ocrx_word' id='word_1_402' title='bbox 1697 2824 1824 2846; x_wconf 82' lang='lat' dir='ltr'><strong>renun-</strong></span> 
     </span>
    </p>
   </div>
   <div class='ocr_carea' id='block_1_9' title="bbox 337 2860 1878 2950">
    <p class='ocr_par' dir='ltr' id='par_1_11' title="bbox 337 2860 1878 2950">
     <span class='ocr_line' id='line_1_46' title="bbox 337 2860 1878 2907; baseline 0.003 -15"><span class='ocrx_word' id='word_1_403' title='bbox 337 2861 439 2892; x_wconf 82' lang='lat' dir='ltr'><strong>tiant.</strong></span> <span class='ocrx_word' id='word_1_404' title='bbox 467 2870 498 2893; x_wconf 87' lang='lat' dir='ltr'><strong>c.</strong></span> <span class='ocrx_word' id='word_1_405' title='bbox 526 2860 585 2900; x_wconf 88' lang='grc'><strong>34,</strong></span> <span class='ocrx_word' id='word_1_406' title='bbox 616 2860 710 2894; x_wconf 83' lang='lat' dir='ltr'><strong>Max.</strong></span> <span class='ocrx_word' id='word_1_407' title='bbox 738 2860 842 2902; x_wconf 91' lang='lat' dir='ltr'><strong>bibl.,</strong></span> <span class='ocrx_word' id='word_1_408' title='bbox 871 2860 987 2903; x_wconf 85' lang='lat' dir='ltr'><strong>Lugd.</strong></span> <span class='ocrx_word' id='word_1_409' title='bbox 1017 2861 1123 2903; x_wconf 78' lang='lat'><strong>1677,</strong></span> <span class='ocrx_word' id='word_1_410' title='bbox 1155 2863 1240 2902; x_wconf 91' lang='lat' dir='ltr'><strong>VII,</strong></span> <span class='ocrx_word' id='word_1_411' title='bbox 1272 2875 1307 2907; x_wconf 86' lang='lat' dir='ltr'><strong>p.</strong></span> <span class='ocrx_word' id='word_1_412' title='bbox 1335 2863 1392 2895; x_wconf 90' lang='lat'><strong>33.</strong></span> <span class='ocrx_word' id='word_1_413' title='bbox 1506 2863 1544 2905; x_wconf 88' lang='lat'><strong>3)</strong></span> <span class='ocrx_word' id='word_1_414' title='bbox 1571 2862 1708 2896; x_wconf 81' lang='lat' dir='ltr'><strong>Bened.</strong></span> <span class='ocrx_word' id='word_1_415' title='bbox 1734 2863 1826 2905; x_wconf 83' lang='lat' dir='ltr'><strong>Reg.</strong></span> <span class='ocrx_word' id='word_1_416' title='bbox 1869 2868 1878 2883; x_wconf 72' lang='lat'><em>³</em></span> 
     </span>
     <span class='ocr_line' id='line_1_47' title="bbox 337 2909 998 2950; baseline 0.003 -9"><span class='ocrx_word' id='word_1_417' title='bbox 337 2909 431 2942; x_wconf 83' lang='lat' dir='ltr'><strong>Ptol.</strong></span> <span class='ocrx_word' id='word_1_418' title='bbox 531 2910 569 2950; x_wconf 91' lang='lat'><strong>4)</strong></span> <span class='ocrx_word' id='word_1_419' title='bbox 600 2909 759 2943; x_wconf 82' lang='lat' dir='ltr'><strong>Iuvenal.</strong></span> <span class='ocrx_word' id='word_1_420' title='bbox 787 2910 890 2950; x_wconf 89' lang='lat' dir='ltr'><strong>VIII,</strong></span> <span class='ocrx_word' id='word_1_421' title='bbox 918 2910 998 2943; x_wconf 85' lang='lat'>145.</span> 
     </span>
    </p>
   </div>
  </div>
 </body>
</html>
