1878 3308
0 294 4 341 f

46 471 161 515 >dum
188 470 325 514 wira

296 302 366 336 DE
389 301 603 336 UNITATE
629 300 902 335 ECCLESIAE
931 298 1299 335 CONSERVANDA.
1485 298 1552 333 109

167 414 239 459 33.
281 412 411 513 Apud
430 412 524 456 illos
544 412 756 471 siquidem
782 413 1012 470 episcopos
1041 417 1190 454 euntes
1219 410 1276 453 ad
1305 425 1553 467 expugnan-

313 470 324 480 “
359 470 555 526 urgensis
595 469 800 512 ecclesiae
839 469 1149 525 episcopatum,
1187 466 1358 524 quando
1391 466 1554 509 factum

52 533 127 571 sut
159 524 243 570 hoc
281 525 336 569 de
365 539 451 584 quo
487 526 574 568 iam
604 525 793 568 diximus
822 523 1047 581 praelium,
1078 523 1193 580 apud
1223 522 1333 576 illos,
1362 523 1552 579 inquam,

51 583 286 650 episcopos
322 589 427 625 tunc
464 588 557 624 erat
592 582 725 635 curia,
765 595 874 647 quae
914 580 1071 622 dicitur
1099 594 1126 621 a
1155 578 1419 632 crudelitate,
1451 593 1554 635 quo-

47 653 179 683 mam
214 637 336 697 apud
377 652 464 692 eos,
509 639 622 681 sicut
659 651 738 680 nos
773 638 857 694 ipsi
901 635 1216 693 prospeximus,
1262 641 1555 677 convenerunt

48 695 276 754 principes
306 693 538 748 Saxoniae,
575 700 810 737 tractantes
839 692 893 735 de
923 691 1112 748 suscepti
1150 690 1251 734 belli
1281 690 1553 745 crudelitate3

55 751 135 796 ubi
172 751 341 809 primus
383 757 475 794 erat
517 750 571 794 de
613 749 883 807 principibus
925 747 1143 814 Egbertus
1187 746 1391 802 marchio,
1440 746 1553 789 filius

57 806 239 864 Egberti
267 807 447 850 senioris
462 814 491 860 ¹,
521 806 597 872 qui
614 806 698 848 fuit
715 804 946 862 patruelis²
974 805 1098 846 istius
1129 805 1203 861 qui
1230 803 1374 846 adhuc
1401 808 1556 860 regnat

57 862 270 908 Haurichi
296 863 590 920 imperatons3
650 877 749 904 uem
779 861 942 904 scilicet
962 860 1227 903 Henrichum
1258 859 1399 902 adhuc
1428 859 1555 901 valde

57 926 270 978 puerum⁸
298 918 369 962 ille
398 919 541 962 senior
559 918 629 975 Eg
659 924 774 961 crtus
802 924 846 961 et
873 916 946 960 alii
967 916 1173 973 quidam⁴
1202 916 1256 958 de
1285 915 1555 972 principibus

0 1019 3 1029 ,
54 975 530 1042 regnipubtraxerunts
550 975 778 1017 immature
809 988 835 1015 a
854 972 987 1016 tutela
1006 973 1103 1030 piae
1122 974 1355 1015 memoriae
1368 979 1383 1002 ⁶
1406 972 1554 1014 matris

56 1046 162 1076 suae
189 1031 475 1089 imperatricis
503 1031 548 1074 Η
634 1045 699 1086 ae,
737 1045 834 1072 cum
862 1031 949 1072 iam
978 1034 1078 1072 ante
1107 1043 1243 1071 annos
1271 1043 1350 1071 sex
1379 1029 1556 1071 obiisset

56 1087 286 1146 religiosus
312 1094 437 1145 pater
465 1088 558 1131 eius
634 1087 848 1140 enrichus,
877 1100 990 1128 anno
1021 1084 1188 1128 scilicet
1215 1086 1336 1128 1056.
1366 1098 1392 1125 a
1422 1084 1678 1128 domi-oens.

57 1145 158 1187 nica
191 1145 498 1197 incarnatione,
537 1143 709 1202 quando
748 1150 896 1186 sextus
934 1149 1026 1184 erat
1061 1156 1198 1184 annus
1227 1142 1349 1184 istius
1379 1141 1555 1182 iunioris

57 1199 270 1244 chrichi
306 1215 335 1243 a
371 1201 608 1253 nativitate,
646 1203 797 1243 tertius
833 1205 976 1241 autem
1006 1197 1061 1240 ab
1091 1198 1183 1240 eius
1212 1197 1480 1240 ordinatione
1510 1196 1556 1237 in

55 1271 219 1314 regem,
247 1271 359 1314 quae
386 1256 502 1299 facta
530 1263 596 1299 est
623 1255 888 1313 Aquisgrani
916 1269 995 1312 per
1013 1253 1269 1296 Herimanni
1290 1252 1656 1296 Coloniensis1054·

55 1312 376 1379 archicpiscopi
425 1313 672 1356 unctionem
690 1321 720 1354 ⁷.
793 1311 880 1354 Sed
927 1317 1156 1367 postquam
1205 1308 1382 1366 puerilis
1434 1308 1556 1364 regni
1569 1295 1695 1323 ¹¹²¹'¹⁷‘

56 1368 256 1412 custodia
276 1369 394 1412 venit
417 1383 445 1411 a
467 1374 603 1411 matre
631 1368 685 1410 ad
715 1368 933 1424 principes
962 1367 1099 1422 regni,
1129 1373 1221 1408 tum
1246 1380 1347 1408 vero
1373 1366 1469 1406 iura
1487 1363 1557 1406 vel

55 1424 267 1469 ecclesiae
293 1424 363 1469 vel
381 1425 444 1468 rei
462 1423 663 1481 publicae
683 1430 920 1480 coeperunt
948 1437 1028 1479 pro
1047 1421 1133 1465 levi
1152 1429 1369 1464 momento
1391 1420 1554 1474 haberi,

56 1495 160 1524 cum
196 1481 410 1538 siquidem
444 1479 564 1522 nulla
601 1494 648 1522 re
686 1485 987 1537 praeterquam
1025 1478 1194 1535 legibus
1231 1478 1389 1534 poterit
1416 1475 1555 1518 multi-

56 1537 165 1581 tudo
202 1536 446 1582 coalescere
484 1537 530 1578 in
559 1550 717 1602 corpus
746 1537 871 1578 unius
910 1533 1071 1592 populi.
1129 1534 1188 1576 Et
1215 1549 1260 1576 re
1290 1547 1394 1576 vera
1423 1531 1556 1589 ‘quod

56 1602 164 1638 tunc
187 1593 407 1637 confotum
427 1600 504 1647 est,
533 1599 675 1649 eruplt
702 1593 788 1634 iam
818 1593 862 1633 in
883 1590 1102 1647 regulum’,
1133 1590 1336 1647 quoniam
1365 1603 1416 1631 ea
1445 1603 1555 1646 quae
1569 1607 1771 1641 cf,1-:„,49,5,

0 1676 17 1682 ν»
57 1657 165 1694 tuno
193 1648 383 1692 latebant
419 1649 638 1715 genimina
666 1649 915 1705 viperarum
951 1654 1214 1704 pepererunt
1250 1647 1333 1687 iam
1372 1645 1555 1687 fetorem
1570 1647 1726 1674 “Umb-

56 1706 324 1750 teterrimum
354 1712 397 1748 et
418 1706 654 1762 principem
677 1705 868 1746 omnium
899 1710 1144 1760 serpentum
1174 1701 1406 1754 diabolum,
1435 1701 1557 1743 iuxta
1590 1687 1697 1721 ²³'³⁸·

60 1761 180 1821 quod
206 1763 302 1820 ipse
321 1761 519 1805 diabolus
539 1761 711 1804 videtur
737 1775 851 1802 nunc
881 1759 934 1802 de
954 1773 1125 1802 carcere
1155 1773 1232 1801 suo
1264 1757 1427 1801 solutus
1448 1771 1554 1810 esse,

60 1825 305 1876 postquam,
333 1819 446 1861 sicut
475 1820 559 1860 scri
595 1824 687 1860 tum
717 1823 782 1859 est
809 1817 854 1858 in
884 1815 1166 1873 Apocalypsi,
1198 1815 1333 1857 exivit
1359 1814 1555 1856 nationes
1568 1805 1717 1872 ⁰23³&ss

61 1873 267 1918 seducere
310 1881 354 1918 et
394 1875 440 1916 in
486 1874 537 1917 be
571 1888 643 1915 um
682 1873 862 1926 trahere,
908 1886 1016 1929 quas
1057 1877 1184 1913 antea
1222 1870 1362 1912 modis
1400 1869 1556 1925 quibus
1641 1864 1648 1878 ’
1685 1864 1691 1870 ’

59 1937 231 1989 ⁴poterat
266 1945 345 1996 per
371 1929 485 1972 mala
514 1929 648 1972 multa
685 1936 727 1971 et
755 1930 875 1970 varia
904 1927 1151 1970 seducebat.
1210 1926 1324 1968 Ecce
1353 1926 1481 1978 enim,
1510 1931 1559 1966 ut

55 1992 468 2045 praetermittamus,
500 1999 611 2042 quae
639 1991 742 2027 tunc
771 1991 894 2040 gesta
922 1990 1022 2025 sunt
1050 1983 1285 2025 ambitione
1314 1981 1558 2036 principum

62 2042 133 2087 vel
161 2042 354 2096 avaritia,
382 2056 492 2098 quae
527 2048 592 2083 est
621 2039 831 2082 idolorum
863 2040 1061 2091 servitus,
1092 2045 1135 2080 et
1164 2037 1379 2094 quomodo
1410 2050 1559 2078 earun-

56 2099 163 2143 -dem
190 2113 348 2152 rerum,
377 2096 494 2139 unde
524 2096 756 2139 destruitur
784 2094 966 2138 ecclesia
994 2095 1155 2151 pariter
1193 2100 1236 2135 et
1273 2107 1340 2135 res
1370 2090 1559 2148 publica,

64 2154 296 2215 plerosque
331 2153 460 2197 etiam
497 2153 723 2209 episcopos
759 2157 888 2208 atque
930 2151 1109 2193 abbates
1147 2148 1453 2191 immoderatus
1498 2147 1559 2188 in-

63 2218 237 2254 vaserat
278 2210 507 2267 appetitus,
551 2214 805 2265 quaerentes
850 2205 1012 2263 puerile
1056 2205 1169 2260 regis
1207 2205 1427 2260 ingenium
1472 2203 1560 2245 suis

65 2268 212 2326 potius
250 2267 470 2309 instituere
509 2263 701 2306 moribus
742 2277 870 2320 quam
902 2262 1027 2305 bonis
1055 2260 1239 2303 artibus:
1274 2267 1322 2302 ut
1349 2259 1470 2311 haec,
1499 2259 1560 2300 in-

66 2338 210 2382 quam,
277 2328 576 2374 raetereamus,
614 2335 714 2363 cccc
754 2319 967 2361 contentio
1001 2318 1115 2360 facta
1144 2323 1209 2359 est
1241 2317 1351 2358 inter
1380 2313 1561 2357 Wezeli·

59 2393 171 2423 2num
192 2378 249 2422 Hi
267 2378 641 2422 dinisbeimensem
662 2376 911 2440 episcopum
935 2382 979 2417 et
999 2372 1280 2415 Wideradum
1303 2370 1559 2413 Fuldensem

19 2471 25 2482 .·
66 2435 269 2480 abbatem
313 2449 443 2492 super
485 2432 708 2475 altitudine
753 2430 953 2473 sessionis
998 2444 1110 2482 suae,
1151 2443 1250 2471 cum
1295 2427 1347 2470 de
1391 2426 1560 2470 diabolo

69 2491 277 2550 scriptum
313 2492 381 2546 sit,
427 2490 547 2547 quia:
600 2488 731 2531 Omne
771 2487 950 2530 sublime
988 2486 1103 2528 videt
1143 2491 1180 2527 et
1218 2490 1277 2526 est
1314 2498 1392 2525 rece
1431 2497 1760 2540 schm·10b.41,2s.

69 2562 212 2592 omnes
249 2547 374 2603 filios
420 2546 665 2602 superbiae.
730 2544 868 2599 Igitur
917 2557 993 2585 rcx
1040 2555 1147 2599 puer
1194 2541 1233 2582 2.
1278 2553 1404 2594 anno,
1448 2545 1561 2595 post-

74 2704 111 2746 ι)
137 2703 192 2738 ef.
209 2703 326 2744 moto,
353 2703 536 2736 ‘Heinrich
563 2701 637 2734 1v.·
660 2701 690 2742 1,
718 2712 751 2743 p.
777 2700 856 2733 191.
941 2699 977 2741 2)
1005 2698 1093 2732 Son.
1119 2698 1228 2731 frater
1253 2696 1437 2741 patruens.
1477 2695 1561 2727 Lim

73 2750 202 2796 delfos,
224 2758 320 2786 ortus
344 2763 387 2785 ex
409 2751 575 2793 coniugio
595 2749 740 2783 Giselae
768 2760 846 2782 cum
876 2749 1005 2782 comite
1025 2748 1134 2785 Brun,
1160 2747 1270 2779 frater
1297 2744 1422 2778 eadem
1452 2748 1561 2777 matre

62 2805 178 2835 -nstun
204 2801 354 2835 Hem-ici
380 2801 451 2834 111.
477 2800 554 2833 suit.
666 2799 703 2839 3)
729 2798 842 2831 Natus
869 2802 923 2830 est
949 2797 1006 2830 die
1036 2796 1091 2828 11.
1119 2795 1209 2829 Nov.
1236 2805 1268 2827 a.
1298 2794 1391 2827 1050
1418 2791 1561 2832 (Lamb.

63 2849 140 2884 488.
155 2850 199 2892 V,
225 2861 259 2894 p.
279 2851 358 2883 155.
386 2849 476 2883 falso
499 2848 604 2880 1061.
632 2846 787 2887 scribit).
888 2846 926 2888 4)
952 2847 1055 2879 Anno
1082 2845 1240 2887 archiep.
1269 2842 1394 2876 Colon.
1423 2846 1458 2873 et
1476 2842 1561 2873 Otto

62 2897 120 2931 .ds
147 2898 352 2933 Nordheim.
429 2898 467 2940 ὅ)
494 2898 523 2930 Ε
550 2896 664 2930 tutela
689 2897 810 2929 matris
838 2900 979 2939 ereptus
1007 2898 1061 2927 est
1090 2893 1194 2934 1062,
1220 2890 1333 2935 April.
1405 2890 1442 2930 ὃ)
1469 2888 1561 2921 Mor·

74 2950 136 2981 tm
162 2951 216 2982 est
241 2948 361 2991 Agnes
389 2947 445 2979 die
477 2947 531 2978 14.
560 2946 648 2978 Dec.
680 2944 784 2978 1077.
908 2944 943 2986 7)
979 2942 1034 2976 Cf.
1062 2941 1187 2975 Lamb.
1219 2940 1301 2981 (SS.
1329 2939 1371 2977 V,
1398 2950 1432 2982 p.
1464 2936 1561 2978 156).
