1878 3308
339 211 406 246 DE
434 211 644 246 UNITATE
671 212 945 247 ECCLESIAE
973 213 1339 250 CONSERVANDA.
1537 219 1580 252 21

93 336 206 378 mus,
234 329 283 366 ut
309 323 470 380 pariter
498 338 870 380 recognoscamus,
903 324 1040 382 qualis
1078 332 1120 368 et
1149 340 1277 392 quam
1306 327 1421 370 utilis
1457 329 1584 371 fuerit

93 377 298 423 eeclesiae
326 378 551 433 Arcadius,
585 381 657 437 qui
686 394 801 422 nunc
839 395 917 437 pro
957 381 1169 424 condend1
1204 383 1412 426 scismatis
1442 385 1582 427 studio

91 433 309 478 inducitur
322 434 454 479 fuisse
470 437 860 479 excommunicatus
877 437 966 479 sive
981 436 1220 491 damnatus,
1239 439 1582 497 quandoquidem

92 491 221 535 certis
255 491 527 534 manifestum
566 493 621 535 sit
656 492 839 546 indiciis,
876 492 1047 535 beatum
1084 508 1241 550 papam
1270 495 1582 546 Innocentium,
1627 539 1629 542 ,

125 547 169 590 ui
196 546 355 591 dicitur
393 562 491 590 eum
531 550 940 602 excommunicasse,
969 548 1280 593 ecclesiasticas
1309 552 1431 594 iuxta
1459 552 1583 595 disci-

90 561 252 662 ?ssinam
281 603 551 647 sacerdotum
579 619 704 647 nosse
733 604 894 662 pariter
922 611 964 647 et
993 603 1242 648 observasse
1270 607 1451 664 regulas,
1483 622 1583 666 qua-

90 674 189 703 rum
217 664 305 702 una
331 659 401 703 vel
428 661 662 718 praecipua
690 669 754 704 est
782 660 836 703 de
857 661 1083 703 concordia
1110 677 1262 718 regum
1290 670 1418 721 atque
1447 678 1583 708 sacer-

91 714 262 771 dotum3
292 716 393 773 quia
412 738 529 761 omnes
553 739 621 769 res,
650 717 789 774 inquit
809 722 980 759 sanctus
999 716 1088 760 Leo
1107 733 1222 775 papa
1236 726 1264 772 ¹,
1294 735 1389 764 tutae
1414 741 1487 765 esse
1511 741 1582 764 mm

85 781 249 820 possunt,
274 775 347 810 nisi
368 786 460 821 quae
486 776 535 810 ad
559 775 719 810 divinam
740 777 990 820 confessionem
1008 780 1187 820 pertinent
1221 784 1253 812 et
1286 778 1385 824 regia
1410 785 1441 812 et
1466 790 1581 814 sacer·

90 828 221 865 dotalia
258 830 418 875 defendit
458 831 662 867 auctoritas.
726 822 828 878 Ipse
872 822 984 863 enim
1028 822 1307 866 Innocentius
1349 823 1496 866 scribit
1538 825 1581 866 in

89 874 158 919 23.
187 875 375 933 capitulo
414 874 681 919 decretorum
721 892 896 921 suorum
932 877 986 920 de
1021 880 1083 921 rei
1112 879 1309 936 publicae
1345 880 1472 922 etiam
1510 879 1582 923 ad-

90 930 472 975 ministratoribus:
503 941 710 983 Quaesitum
727 950 789 987 est,
814 934 1024 991 inquiens,
1053 957 1159 988 super
1179 945 1244 988 his,
1271 945 1333 988 qui
1352 950 1434 988 post
1452 944 1582 988 baptis-

88 1001 185 1025 mum
210 991 550 1026 admintmavermat
573 997 606 1026 et
631 996 694 1026 aut
722 998 893 1029 tormenta
915 994 990 1028 sola
1014 998 1243 1028 exercuerunt
1269 1000 1331 1027 aut
1357 993 1461 1027 etiam
1485 992 1580 1037 capi-

88 1045 196 1080 talem
211 1045 418 1080 sententiam
435 1047 673 1090 protulerunt.
706 1047 762 1082 De
783 1048 849 1091 his,
875 1039 1026 1096 inquit,
1055 1048 1148 1082 nihil
1171 1049 1314 1093 legimus
1342 1060 1364 1082 a
1388 1048 1580 1082 maioribus

89 1093 292 1139 amitam
322 1095 551 1129 merninerant
576 1094 678 1138 enim,
713 1109 736 1130 a
761 1097 837 1132 Deo
865 1103 1055 1142 potestates
1089 1098 1154 1132 has
1177 1098 1297 1141 fuisse
1333 1108 1523 1138 concessas,
1550 1102 1580 1131 et

84 1146 234 1187 propter
256 1141 449 1178 vindictam
473 1143 660 1178 noxiorum
681 1146 843 1189 qladium
856 1148 977 1191 fuisse
999 1147 1219 1190 permissum,
1247 1152 1278 1180 et
1295 1146 1365 1180 Dei
1383 1144 1580 1179 ‘ministrum

88 1202 163 1226 esee
199 1191 325 1226 datram
361 1191 401 1227 ὄπ
437 1192 639 1228 huiusmodi
675 1194 858 1230 vindicem.
923 1196 1103 1237 Quomodo
1142 1194 1249 1239 ἐρίων
1289 1194 1580 1238 reprehenderent

78 1241 235 1284 sadum,
266 1241 362 1284 quod
398 1247 540 1276 auctore
572 1242 649 1276 Deo
684 1244 840 1278 viderent
874 1256 947 1279 esse
977 1255 1175 1278 concessum
1188 1243 1204 1276 9
1252 1243 1308 1277 De
1333 1242 1386 1276 his
1412 1254 1491 1286 erqo
1515 1241 1578 1283 ita,

87 1294 128 1322 at
153 1289 321 1329 haetenus
345 1295 524 1325 senatuum
548 1297 609 1333 est,
635 1291 685 1325 sie
706 1292 883 1334 habemus,
909 1305 953 1327 ne
979 1299 1040 1326 aut
1066 1291 1290 1335 disciplinam
1315 1293 1490 1326 evertere&
1516 1296 1579 1324 aut

85 1343 209 1372 eontra
244 1337 486 1373 auctoritatem
518 1339 665 1374 Domini
697 1340 816 1375 venire
842 1343 1038 1376 videamur.
1081 1341 1176 1384 Ipsis
1203 1346 1317 1374 autem
1342 1339 1382 1373 in
1407 1339 1578 1374 rationem

89 1392 307 1428 reddendam
332 1399 431 1438 qesta
455 1405 524 1428 sua
549 1395 666 1428 omnia
691 1396 936 1430 servabuntur.
979 1385 1132 1429 Notate
1161 1393 1302 1428 autem
1333 1384 1578 1440 dffigentius

86 1437 194 1480 haec
222 1437 338 1481 beati
365 1438 603 1482 Innocentii
632 1440 777 1492 verba,
839 1456 919 1484 uae
948 1441 1015 1484 vel
1046 1441 1137 1484 sola
1155 1440 1355 1483 videntur
1384 1439 1577 1483 sufficere

85 1499 236 1536 contra
263 1493 376 1536 illius
406 1509 544 1552 papae
575 1494 814 1538 Hildebran
846 1498 861 1539 i
890 1498 1064 1554 scripta,
1094 1512 1204 1554 quae
1232 1498 1326 1554 ipse
1355 1511 1440 1539 non
1459 1510 1578 1552 prae·

87 1548 264 1593 videbat
297 1564 424 1607 posse
463 1551 622 1593 destrui
661 1566 740 1608 per
766 1553 861 1609 ipsa
895 1562 1138 1596 sanctorum
1168 1560 1337 1610 patrum
1366 1550 1577 1608 exempla,

86 1605 244 1664 quibus
281 1606 564 1650 contendebat
603 1606 772 1651 firmare
811 1610 996 1666 partium
1036 1623 1208 1652 suarum
1247 1609 1399 1651 studia.
1458 1607 1575 1650 Dum

86 1663 200 1705 enim
237 1661 395 1715 docuit,
433 1663 525 1719 regi
560 1663 826 1706 Francorum
863 1664 1240 1708 contradicendum
1280 1670 1322 1707 et
1349 1678 1435 1706 non
1464 1677 1576 1706 com-

86 1717 394 1762 municandum
425 1733 531 1773 esse,
570 1721 643 1762 cui
679 1727 867 1777 potestas
907 1736 934 1763 a
962 1721 1058 1764 Deo
1089 1735 1293 1763 concessa
1322 1726 1387 1763 est
1414 1719 1577 1762 heredi-

85 1774 195 1817 taria
213 1775 496 1829 successione,
526 1775 694 1820 videtur
713 1776 797 1820 Dei
817 1777 1071 1820 ordinationi
1099 1777 1317 1829 restitisse,
1348 1775 1420 1841 qui
1448 1775 1575 1818 etiam

85 1829 230 1888 ipsum
249 1829 335 1873 Dei
355 1831 609 1884 ministrum,
639 1833 709 1874 cui
758 1832 896 1876 ladius
917 1840 982 1876 est
1008 1833 1242 1889 permissus
1267 1833 1323 1875 ad
1342 1831 1574 1874 vmdictam

85 1886 327 1941 noxiorum,
364 1886 465 1930 dum
504 1887 667 1930 studuit
702 1903 732 1945 g
748 1888 846 1931 adio
889 1889 1228 1931 adversariorum
1268 1887 1446 1941 deicere,
1489 1901 1574 1929 non

86 1941 225 1985 solum
262 1941 499 1999 duplicavit
535 1942 739 1999 gladium,
779 1945 902 1987 iuxta
939 1943 1055 2001 quod
1093 1944 1137 1985 in
1174 1943 1370 1986 Ezeciele
1406 1943 1561 1998 legitur

85 1997 155 2040 vel
174 1998 228 2041 tri
261 1997 419 2052 licavit,
449 1998 524 2041 sed
543 2005 586 2041 et
604 1998 914 2057 multiplicavit,
944 2006 987 2042 et
1005 2013 1091 2041 non
1112 1998 1246 2041 solum
1269 1998 1413 2041 divisit
1435 2011 1570 2063 popu-

85 2052 174 2096 lum
213 2067 237 2095 c
269 2054 505 2107 astianum,
544 2053 619 2097 sed
656 2061 698 2097 et
735 2055 984 2109 sacerdotia,
1025 2062 1072 2098 ut
1107 2053 1228 2096 multi
1268 2054 1352 2096 sint
1380 2053 1572 2110 episcopi

86 2109 130 2151 in
158 2117 279 2167 parte
308 2110 402 2162 ista,
430 2108 602 2166 plurimi
630 2116 771 2154 autem
799 2112 845 2154 in
873 2118 993 2168 parte
1012 2110 1155 2154 altera.
1200 2109 1325 2152 Unde
1354 2115 1396 2152 et
1425 2122 1572 2165 supra-

87 2164 226 2208 dictus
245 2179 358 2223 papa
377 2165 674 2209 Innocentius:
705 2175 746 2210 Si
766 2176 936 2219 instituta,
962 2166 1100 2224 inquit
1111 2172 1140 2219 ⁸,
1165 2173 1410 2215 ecclesiastiea,
1417 2175 1570 2218 fratres,

80 2226 193 2270 plena
207 2225 350 2269 fiaes-int
375 2224 561 2270 viqt'lantia
586 2226 630 2259 ab
650 2225 807 2260 omnibus
834 2225 903 2259 Deo·
926 2225 1164 2260 sacerdotibus
1193 2224 1388 2265 observata,
1423 2222 1570 2257 cessabit

86 2273 241 2317 ambitio,
274 2273 487 2318 conquiescet
510 2275 691 2315 dissensio,
724 2275 858 2308 hereses
884 2280 914 2307 et
939 2275 1103 2309 scismata
1135 2285 1206 2307 non
1238 2277 1420 2316 emergent,
1457 2271 1568 2304 locum

86 2334 158 2358 non
183 2323 329 2368 accipiet
353 2321 515 2357 diabolas
541 2323 733 2365 saeviendi,
767 2321 919 2356 manebit
944 2323 1173 2364 unanimitas,
1198 2319 1366 2364 iniquitas
1399 2325 1569 2363 superata

85 2372 291 2414 calcabitur,
318 2372 448 2406 veritas
472 2370 627 2415 spiritali
640 2372 787 2416 fervore
802 2371 983 2416 stays-abit,
1013 2383 1090 2415 pas,¹
1110 2370 1321 2415 praedicata
1355 2368 1458 2402 labiis
1491 2378 1567 2401 cum

1586 1940 1698 1968 Enoch.

1562 1974 1572 1996 ²
1589 1980 1634 2013 ει,
1651 1981 1695 2006 14.

85 2420 265 2456 solmam
290 2420 401 2454 animi
425 2420 658 2462 concordabit,
685 2420 883 2463 implebitur
908 2425 939 2454 et
964 2419 1094 2454 dictum
1121 2418 1285 2463 apostoli:
1317 2417 1358 2451 Ut
1383 2417 1567 2451 unanimes
1580 2425 1667 2451 Rom.
1683 2425 1767 2458 15,5,

87 2479 199 2503 unum
230 2470 414 2504 sentientes
440 2481 709 2513 permaneamus
743 2469 781 2502 in
807 2469 951 2510 Christo,
981 2468 1073 2503 ‘nihil
1098 2480 1164 2512 per
1190 2466 1437 2501 contentionem
1468 2465 1566 2499 nobis
1580 2471 1778 2502 Philam-4.

88 2528 199 2562 neque
224 2529 293 2562 per
322 2516 463 2552 inanem
496 2518 645 2563 gloriam
668 2518 897 2560 vindicantes,
923 2529 994 2552 non
1023 2517 1228 2557 hominibus,
1261 2515 1323 2549 sed
1348 2514 1423 2548 Deo
1449 2519 1566 2547 nostro
1582 2514 1779 2548 &Tim-*ml-

89 2565 261 2600 salvatori
280 2567 469 2609 placentes,
494 2567 553 2600 cai
577 2567 686 2601 honor
710 2571 759 2601 est
785 2573 816 2601 et
834 2566 950 2610 ,qloria
974 2565 1012 2600 in
1030 2567 1172 2600 saecula
1189 2564 1418 2599 saeculorum.
1444 2561 1564 2596 Amen.

92 2674 124 2709 ι)
145 2678 284 2702 avortere
306 2675 421 2703 munch.

95 2763 129 2806 1)
168 2763 301 2797 Leonis
335 2763 489 2807 epistula
522 2763 567 2796 ad
594 2763 830 2805 Pulcherinm,
865 2763 1058 2796 Hiuschius
1093 2774 1127 2806 p.
1157 2761 1237 2794 603.
1338 2759 1377 2803 2)
1410 2760 1566 2793 Decreta

91 2813 294 2846 Innocentii
335 2822 450 2856 papae
495 2811 542 2844 sd
584 2812 816 2856 Exsupsrium
855 2812 1068 2846 Tolosanum
1107 2811 1331 2854 episcopum,
1374 2808 1565 2841 Rinschius

91 2872 126 2905 p.
153 2861 236 2894 532.
336 2861 373 2902 3)
394 2859 563 2904 Epistula
587 2860 786 2894 Innocentii
813 2870 926 2905 papae
954 2861 999 2894 sd
1025 2860 1241 2892 victorinum
1268 2858 1564 2899 Rotomagensem

93 2910 216 2954 opine„
243 2910 437 2943 Hinschius
462 2921 498 2953 p.
524 2908 607 2941 531.
