1878 3308
345 273 413 305 138
579 272 645 305 DE
671 270 883 304 UNITATE
910 268 1184 302 ECCLESIAE
1211 268 1580 303 CONSERVANDA.

342 389 404 423 hoc
436 388 593 432 suscipi?
620 387 723 421 Nihil
746 386 828 420 inde
849 395 1039 429 possumus
1065 384 1191 426 dicere,
1219 396 1295 418 cum
1321 384 1511 429 manifesta
1537 382 1750 429 diffinitione
1775 384 1836 418 de·

152 437 509 482 nu0.s‚11.⁸criptum
534 438 589 478 sit,
616 438 655 470 in
681 447 752 480 qua
777 435 926 469 dicitur.-
952 433 1038 475 ‘Qui
1062 434 1166 467 habet
1191 435 1284 468 duas
1306 433 1458 476 tunicas,
1483 434 1542 468 det
1567 445 1639 468 non
1661 432 1834 473 hahenti‘;

341 499 385 522 ex
419 499 487 531 quo
521 486 598 520 sine
631 485 739 520 dubio
758 485 959 528 plurimasa
984 483 1112 517 habere
1136 483 1297 516 illicitum
1329 488 1389 517 est.
1443 482 1576 524 Quibus
1602 494 1682 527 erqo
1707 482 1835 516 habere

342 537 435 570 duas
462 536 599 569 tunicas
624 547 696 568 no‘n
722 533 810 576 licet,
838 533 892 567 his
910 533 1081 576 quomodo
1100 531 1240 575 aliq20id
1265 532 1308 565 de
1325 530 1529 566 diversitate
1549 531 1835 565 indumentorum

333 590 498 635 praecipi
514 590 655 634 potest?
695 589 795 631 Quae
814 593 941 630 autem,
967 577 1119 634 inquit,
1139 587 1367 631 postmodum
1386 586 1590 629 introducta
1609 590 1691 620 sant
1709 586 1834 623 huma-

338 656 408 679 nae
441 645 534 678 vitae
568 644 738 689 artificiis,
776 643 943 678 luxuriae
973 643 1113 688 ingenio
1140 647 1222 676 sunt
1255 641 1461 685 conquisita.
1513 630 1691 687 Legitur
1719 631 1834 673 enim

339 692 385 732 in
415 689 721 732 Ecclesiastica
749 689 954 743 Historia,
986 688 1101 746 quod
1135 687 1389 730 Montanus¹
1447 686 1594 729 uidam
1622 686 1835 730 hereticus

341 746 526 802 duplicis
554 746 799 789 vestimenti
835 751 983 787 auctor
1013 744 1214 798 extiterit,
1261 750 1303 786 et
1333 757 1417 800 quo
1483 749 1714 786 sectatores
1743 743 1835 786 eius

338 803 508 845 initium
531 803 792 859 sumpserint
821 817 877 844 ex
896 801 1123 858 imperitia,
1154 806 1197 843 et
1217 814 1313 842 cum
1334 800 1604 856 praeceperit
1621 799 1835 842 Dominus

340 859 450 901 duas
489 859 658 901 tunicas
696 873 782 900 non
821 859 985 914 portari
1024 872 1104 899 nec
1134 856 1283 899 vestiri
1313 854 1546 898 ambitione
1575 854 1835 909 Pharisaica,

342 929 416 957 eos
449 915 593 957 omnia
621 930 748 971 agere
779 915 994 957 contraria
1021 920 1064 956 et
1094 927 1145 955 ea
1174 911 1300 956 simul
1330 912 1554 969 acquirere
1589 917 1632 955 et
1660 926 1836 967 congre·

342 986 459 1028 gare,
490 986 600 1028 quae
630 971 844 1013 Dominus
875 971 1003 1013 etiam
1034 969 1240 1012 habentes
1270 968 1390 1011 iubet
1417 968 1601 1011 abicere.
1649 967 1836 1011 Proinde

135 1043 210 1070 Luc.
223 1042 330 1077 14‚27.
343 1028 472 1071 etiam
501 1028 563 1071 ait
590 1028 635 1070 in
665 1026 889 1083 euangelio
909 1027 1136 1069 Dominus:
1177 1025 1264 1075 Qui
1293 1041 1382 1068 ‘non
1411 1025 1594 1079 baiulat,
1622 1025 1835 1082 inquiens,

342 1099 510 1127 crucem
529 1100 657 1127 suam
687 1091 725 1126 et
744 1085 873 1135 venit,
903 1099 990 1126 ‘no‘n
1007 1089 1147 1138 potest
1166 1098 1287 1124 meus
1306 1096 1394 1123 esse
1414 1080 1674 1138 discipulus.
1715 1080 1837 1124 Crux

342 1141 503 1197 quippe
533 1140 712 1184 Domini
741 1154 826 1182 non
856 1138 927 1181 illa
955 1144 1122 1181 tantum
1152 1138 1319 1190 dicitur,
1350 1152 1460 1195 quae
1489 1137 1703 1195 passionis
1731 1141 1836 1179 tem-

340 1211 447 1253 pore
484 1196 591 1253 ligni
628 1196 833 1238 affixione
874 1196 1147 1247 construitur,
1183 1194 1260 1236 sed
1297 1193 1383 1248 illa,
1422 1208 1532 1251 quae
1559 1195 1690 1237 totius
1719 1194 1835 1236 vitae

342 1253 555 1296 curriculo
577 1259 828 1296 cunctarum
847 1251 1170 1308 disciplinarum
1190 1250 1423 1293 virtutibus
1444 1257 1679 1307 coaptatur.
1709 1249 1836 1293 Unde

341 1317 383 1352 et
419 1310 465 1351 in
502 1312 626 1366 signo
664 1311 802 1352 crucis
831 1308 1090 1351 describitur
1118 1322 1205 1350 non
1235 1305 1373 1349 solum
1402 1313 1492 1350 tota
1520 1305 1720 1349 monachi
1749 1306 1837 1348 vita

341 1372 384 1409 et
425 1366 649 1421 institutio,
694 1366 770 1409 sed
813 1365 950 1407 omnis
994 1364 1227 1407 christiana
1271 1363 1397 1417 actio,
1434 1362 1544 1406 bene
1584 1362 1752 1420 operari
1790 1362 1836 1404 in

343 1421 514 1465 Christo
536 1429 578 1465 et
597 1423 637 1465 ei
656 1429 980 1479 perseveranter
999 1419 1231 1473 inhaerere,
1263 1419 1463 1462 caelestia
1483 1433 1668 1476 sperare,
1698 1432 1837 1461 sacra-

126 1495 329 1530 Eph.3,17.18.
341 1485 486 1521 menta
527 1494 615 1522 non
659 1479 900 1535 profanare,
938 1484 998 1531 ut,
1042 1478 1155 1519 sicut
1188 1477 1250 1519 ait
1292 1475 1524 1532 apostolus,
1563 1477 1612 1518 in
1652 1476 1835 1518 caritate

341 1536 539 1578 radicati
578 1543 615 1578 et
637 1536 832 1592 fundati
861 1536 1086 1591 possimus
1123 1533 1479 1589 comprehendere
1513 1547 1609 1575 cum
1638 1532 1836 1575 omnibus

342 1593 523 1646 sanctis,
553 1607 665 1649 quae
694 1593 751 1634 sit
788 1591 974 1633 latitudo
1005 1597 1042 1632 et
1072 1589 1300 1646 lonyitudo
1332 1595 1371 1630 et
1398 1588 1637 1631 sublimitas
1667 1594 1706 1631 et
1730 1602 1834 1644 pro-

330 1648 546 1703 fundum,
585 1648 629 1690 id
666 1653 730 1690 est
765 1662 937 1690 crucem
976 1646 1167 1699 Domini,
1205 1645 1328 1687 cuius
1367 1644 1547 1687 latitudo
1591 1644 1750 1686 dicitur
1792 1643 1837 1685 in

342 1711 584 1746 transverso
614 1703 744 1758 ligno,
777 1718 861 1759 quo
893 1701 1184 1744 extenduntur
1212 1715 1378 1754 manus,
1407 1700 1629 1757 longitudo
1668 1714 1694 1742 a
1721 1706 1836 1742 terra

342 1774 477 1816 usque
507 1759 562 1802 ad
592 1758 861 1802 latitudinem
890 1759 1045 1814 ipsam,
1076 1772 1159 1814 quo
1195 1773 1222 1799 a
1254 1756 1454 1799 manibus
1491 1762 1532 1799 et
1559 1756 1672 1798 infra
1698 1761 1850 1804 totum>

343 1830 499 1872 corpus
528 1816 730 1872 affigitur,
760 1814 939 1858 altitudo
967 1814 1019 1857 de
1039 1813 1261 1856 latitudine
1293 1827 1460 1855 sursum
1491 1827 1627 1869 usque
1648 1812 1705 1854 ad
1725 1826 1837 1854 sum-

342 1887 475 1925 mum,
505 1887 590 1930 quo
620 1872 824 1914 adhaeret
852 1877 995 1927 caput,
1033 1869 1295 1927 profundum
1324 1883 1442 1919 vem,
1483 1883 1568 1926 quo
1603 1874 1740 1912 terrae
1775 1869 1836 1910 in—

342 1929 479 1970 fixum
522 1928 812 1974 absconditur.
879 1928 1020 1983 Ergo,
1066 1927 1177 1968 sicut
1225 1926 1386 1968 dictum
1430 1932 1513 1979 est,
1534 1924 1536 1927 ’
1559 1923 1727 1967 cuculla
1770 1930 1836 1967 est

341 1986 487 2028 tunica
529 1984 675 2028 talaris
719 1991 762 2027 et
800 1983 1014 2026 cucullata
1050 1989 1180 2039 atque
1218 1983 1444 2036 manicata,
1482 1981 1559 2025 ubi
1596 1981 1719 2038 quasi
1757 1995 1837 2037 per

344 2040 561 2099 quendam
579 2041 878 2098 paedagogum
900 2040 1108 2082 docentur
1127 2039 1324 2096 superius
1344 2037 1649 2094 comprehensa
1664 2045 1838 2080 sanctae

344 2099 483 2140 crucis
519 2099 738 2154 mysteria,
775 2103 824 2139 ut
862 2098 908 2138 in
944 2095 1169 2138 latitudine
1207 2096 1262 2138 sit
1291 2096 1446 2137 caritas
1475 2094 1585 2136 bene
1615 2108 1640 2136 o
1673 2093 1835 2148 erandi,

342 2155 388 2196 in
415 2153 682 2210 longitudine
702 2153 1022 2210 perseverantia
1049 2151 1228 2194 firmiter
1247 2150 1509 2205 inhaerendi,
1538 2151 1583 2192 in
1612 2165 1638 2191 a
1655 2150 1837 2193 titudine

344 2210 645 2267 contemplatio
682 2210 876 2253 caelestis
910 2210 1036 2263 vitae,
1077 2206 1370 2250 inscrutabilia
1410 2208 1456 2249 in
1498 2206 1710 2264 profundo
1751 2206 1838 2249 Dei

342 2266 528 2319 iudicia,
571 2267 685 2309 unde
727 2267 810 2309 ista
853 2267 897 2307 in
940 2265 1133 2307 homines
1176 2264 1294 2307 venit
1335 2265 1487 2320 gratia.
1557 2263 1679 2306 Sicut
1722 2263 1835 2305 enim

343 2323 581 2365 monachus
617 2330 682 2365 est
710 2321 969 2364 vocabulum
1005 2320 1222 2378 quoddam
1251 2320 1457 2376 mysterii,
1493 2319 1555 2361 sic
1591 2325 1633 2361 et
1668 2317 1836 2361 cuculla

344 2385 410 2421 est
448 2378 660 2435 quaedam
698 2379 834 2421 virtus
870 2377 1136 2430 sacramenti,
1178 2375 1302 2432 quale
1340 2375 1505 2418 scilicet
1532 2375 1836 2417 vestimentum

345 2436 407 2477 sic
440 2436 615 2478 metitur
650 2436 696 2476 in
724 2434 872 2490 regula
902 2448 980 2476 sua
1010 2439 1182 2474 sanctus
1213 2431 1397 2473 Basilius
1428 2446 1451 2473 e
1484 2432 1682 2487 iscopus²
1713 2431 1836 2473 iuxta

344 2491 580 2533 doctrinam
620 2497 663 2533 et
700 2497 981 2547 praeceptum
1021 2487 1215 2545 apostoli,
1252 2494 1301 2530 ut
1335 2502 1417 2529 nee
1454 2447 1627 2529 Erevius
1665 2487 1720 2530 sit
1754 2501 1834 2529 nec

343 2546 561 2602 grandius,
603 2561 732 2603 quam
762 2546 818 2588 ad
848 2552 1052 2589 staturam
1083 2543 1295 2586 monachi.
1355 2544 1496 2596 Quam
1526 2549 1639 2585 certe
1669 2550 1835 2586 senten-

344 2604 447 2645 tiam
488 2603 713 2645 confirmat
747 2609 917 2645 sanctus
952 2607 1076 2658 pater
1103 2599 1364 2642 Benedictus
1404 2600 1538 2643 abbas
1548 2607 1579 2654 ³,
1615 2600 1834 2657 inquiens:

344 2710 375 2745 a)
398 2712 548 2744 plurimos
571 2712 598 2739 1.

350 2786 384 2831 1)
419 2787 526 2832 Apud
552 2788 717 2831 antiquos
735 2787 920 2828 ‚historiae
948 2787 1220 2820 ecclesiasticae
1246 2786 1436 2829 scriptores
1469 2785 1544 2818 tale
1575 2784 1662 2828 quid
1686 2795 1757 2818 non
1781 2785 1836 2817 in·
1876 2778 1878 2781 ⁴

344 2838 440 2870 veni.
492 2836 565 2870 Sed
591 2837 741 2870 fortasse
767 2836 858 2868 haec
885 2837 1007 2879 opinio
1035 2839 1113 2870 orta
1140 2839 1195 2869 est
1220 2845 1263 2867 ex
1290 2835 1353 2877 eis,
1386 2845 1478 2878 quae
1504 2834 1683 2868 Eusebius
1709 2834 1752 2875 V,
1780 2833 1836 2866 14.
1863 2873 1878 2879 ,

347 2890 382 2919 et
419 2887 642 2929 Nicephorus
677 2885 741 2926 IV,
770 2885 828 2918 22.
868 2885 912 2918 de
954 2885 1080 2918 duabis
1118 2884 1191 2918 illis
1229 2884 1463 2928 prophetissis
1496 2887 1652 2922 narrant,
1688 2893 1836 2926 quarum

345 2935 591 2968 familiaritate
625 2935 836 2968 Montanum
869 2945 971 2967 usum
1006 2945 1084 2968 esse
1117 2933 1274 2966 tradunt.
1399 2931 1438 2976 2)
1473 2932 1526 2965 Cf.
1558 2932 1686 2966 Basilii
1718 2932 1838 2975 Opera

345 2984 375 3026 I,
403 2984 486 3017 324.
513 2983 596 3017 471.
697 2982 737 3025 3)
764 2983 901 3016 Bened.
928 2984 1018 3026 Reg.
1054 2994 1085 3017 c.
1113 2983 1171 3016 55.
