1878 3308
328 312 394 348 1>ss
418 311 632 346 UMTATE
658 309 933 344 ECCLESIAE
960 309 1330 344 CONSERVANDA.
1540 311 1582 343 61

86 425 337 471 deffludunt.
403 424 670 467 Intuendum
714 424 857 475 etiam,
900 421 1053 479 inquit,
1097 422 1213 478 quod
1259 421 1464 474 homines,
1509 424 1587 478 qui

98 481 316 541 Wiqborto
343 481 410 524 vel
440 480 664 523 Henricho
680 479 858 535 favent,
888 485 967 520 aut
995 477 1248 533 temporalis
1283 477 1494 519 commodi
1522 493 1586 519 re-

87 545 242 597 ,opeda
268 537 335 581 vel
363 537 584 579 humanae
613 535 780 590 ylariae
797 533 985 590 faciunt
1014 534 1092 576 hoc
1122 535 1304 576 intuitu.

202 594 269 638 14.
325 593 636 636 Erubescimus
673 605 791 644 sane,
829 589 945 647 quod
982 589 1084 632 facti
1123 603 1271 631 sumus
1305 587 1583 646 obprobrium
1600 601 1700 635 (1111)

86 650 217 694 nimis
243 649 430 693 inimicis
458 648 630 700 nostris,
659 646 775 704 quod
804 653 847 689 et
875 646 960 689 dici
989 660 1075 688 non
1105 645 1234 688 debet
1263 646 1356 688 sine
1385 644 1586 699 lacrimis,

85 706 192 807 3:1¹}
217 706 307 764 ipsi
332 705 611 749 ferventiores
642 709 740 746 sunt
767 702 822 745 ad
844 701 1157 745 defendendam
1177 702 1339 759 pariter
1368 709 1411 744 et
1428 715 1587 757 augen-

217 770 384 821 partem
414 762 483 805 sui
503 760 718 817 Gregorii,
749 773 877 817 quam
907 760 1041 801 nostri
1061 758 1116 800 ad
1169 757 1406 800 robandam
1427 764 1470 799 et
1490 771 1588 799 con-

85 817 341 862 firmandam
370 818 577 861 unitatem
607 814 842 859 catholicae
872 813 1080 858 ecclesiae
1102 773 1275 858 Ofiristi.
1323 814 1436 856 Nam
1465 814 1586 856 iuxta

85 875 206 933 quod
241 875 399 918 dicitur
438 875 485 916 in
523 871 762 929 euangelio,
798 871 930 913 moris
966 886 1060 914 esse
1096 871 1336 914 scribarum
1367 878 1409 913 et
1437 869 1586 912 Phari·
1598 866 1706 934 {2⁸³}ss-

84 945 284 976 saeorum
303 938 347 975 et
365 929 699 988 hypocritarum,
722 928 855 986 [quod
864 927 897 986 ¹]
919 927 1186 971 circumeunt
1204 942 1322 969 mare
1343 933 1386 968 et
1404 926 1584 981 aridam,
1638 925 1646 939 '
1700 925 1708 931 '

84 993 138 1031 ut
162 1001 251 1031 non
277 993 444 1030 tantum
472 985 634 1029 faciant
661 999 795 1027 unum
826 983 1107 1042 proselytum,
1139 983 1215 1026 sed
1244 991 1292 1026 ut
1321 989 1436 1026 totus
1465 997 1586 1024 mun-

87 1041 170 1087 dus
197 1042 332 1087 vadat
358 1048 458 1101 post
495 1056 583 1096 eos,
622 1056 708 1084 non
768 1047 836 1083 ost
866 1039 1106 1094 Christum3
1136 1040 1250 1082 unde
1280 1046 1321 1081 et
1350 1038 1585 1092 Pharisaei,

85 1100 163 1159 qui
190 1099 394 1143 dicuntur
411 1098 552 1153 divisi,
581 1056 833 1141 invidegant
854 1096 1037 1151 Christo,
1067 1097 1179 1139 sicut
1207 1095 1364 1152 legitur
1393 1096 1437 1136 in
1458 1109 1585 1137 euan-

85 1154 214 1214 gelio,
258 1154 375 1215 quod
423 1154 563 1202 turba,
609 1168 719 1212 quae
763 1152 1051 1211 praecedebat
1089 1159 1132 1196 et
1172 1166 1283 1209 quae
1327 1151 1586 1208 sequebatur

87 1217 261 1256 euntem
295 1210 659 1268 Hierosolymam,
703 1209 759 1252 ad
802 1210 1012 1252 visionem
1056 1207 1219 1252 scilicet
1257 1208 1390 1265 pacis,
1434 1206 1584 1249 laudes
1597 1220 1801 1254 namna.

85 1268 390 1312 acclamaverit
426 1269 488 1310 ei:
535 1267 737 1319 Osanna,
776 1266 1039 1318 benedictus,
1107 1266 1156 1307 ui
1184 1265 1378 1306 venitin
1408 1264 1583 1306 nomine

3 1329 10 1367 Ξ
87 1324 288 1379 Domini,
325 1333 369 1367 et
404 1323 627 1367 dicebant:
665 1323 837 1376 Videtis,
878 1324 984 1379 quia
1028 1322 1077 1363 m‘
1108 1322 1141 1363 il
1179 1320 1449 1376 proficimus,
1494 1333 1584 1361 ecce
1597 1334 1782 1368 1oh.12,19.

87 1381 283 1424 mundus
300 1387 415 1424 totus
437 1387 540 1436 post
560 1395 655 1422 eum
677 1379 797 1422 abiit.
840 1377 899 1420 Et
926 1376 1014 1420 ille:
1049 1377 1154 1420 Cum
1173 1376 1404 1428 exaltatus,
1433 1375 1586 1440 inquit,
1599 1392 1665 1419 1011.
1683 1391 1791 1425 msa.

0 1432 5 1470 ἵ
76 1436 233 1494 fibert),
270 1437 419 1480 omm‘a
445 1437 621 1478 traham
663 1435 723 1478 ad
756 1450 833 1477 me.
892 1433 951 1476 Et
977 1434 1142 1490 gratias
1170 1446 1306 1488 agens
1333 1431 1430 1474 Deo
1460 1438 1587 1487 patri,

90 1492 210 1551 quod
242 1492 421 1536 mitibus
463 1499 592 1549 atque
635 1490 870 1533 mansuetis
913 1488 1167 1532 revelaverit
1205 1495 1471 1530 sacramenta
1514 1486 1587 1529 ad-

88 1556 246 1592 ventus
274 1549 356 1602 sui,
386 1562 498 1606 quae
531 1548 777 1590 nescierunt
805 1546 971 1589 scribae
1001 1552 1045 1588 et
1072 1544 1315 1587 Pharisaei:
1360 1543 1588 1610 Confiteor,
1598 1532 1764 1599 ’‘Jffffssss‘

10 1638 17 1654 ·,
89 1603 243 1663 inquit,
283 1605 366 1648 tibi
394 1611 541 1672 pater,
582 1604 757 1647 domine
786 1601 898 1645 caeli
925 1609 964 1644 et
991 1608 1149 1653 terrae,
1179 1602 1287 1657 quia
1318 1599 1585 1642 abscondis&

90 1661 198 1705 haec
234 1676 264 1704 a
301 1661 573 1717 sumentibus
603 1666 642 1703 et
663 1658 961 1716 prudentibus
990 1664 1030 1699 et
1056 1657 1259 1700 revelasti
1286 1671 1339 1698 ea
1364 1655 1585 1712 parvulis.

0 1727 11 1788 ζ’
88 1717 331 1817 ξαίιαίεν,
362 1718 571 1774 quoniam
600 1717 663 1758 sic
679 1714 1022 1812 Ῐιιὶεέοίαοὶίαπι
1054 1719 1154 1755 ante
1183 1719 1235 1755 te.
1287 1711 1446 1755 Omnia
1477 1712 1587 1755 mihi

135 1789 164 1817 a

197 1774 264 1818 ita
292 1780 396 1816 aunt
425 1789 454 1815 a
517 1779 610 1815 atre
637 1786 741 1814 meo.
828 1784 914 1824 cce,
945 1784 1044 1812 cum
1074 1767 1288 1812 exaltatus
1317 1768 1446 1811 fuerit
1465 1767 1587 1811 Chri-

6 1820 15 1830 ‘
90 1836 195 1884 stus,
236 1828 395 1873 dieitur
435 1843 462 1871 a
531 1844 577 1872 se
616 1828 760 1870 omnia
797 1826 979 1880 trabere,
1020 1831 1063 1868 et
1102 1824 1184 1867 sibi
1226 1825 1369 1867 omnia
1407 1838 1433 1865 a
1465 1830 1587 1881 patre

4 1892 17 1942 'J
90 1885 252 1930 studita
292 1899 399 1928 esse.
459 1884 547 1928 Sed
574 1883 658 1938 ille,
689 1884 762 1941 qui
790 1898 877 1925 non
906 1890 972 1925 est
998 1883 1044 1924 in
1074 1882 1154 1924 hac
1183 1881 1476 1934 universitate,
1506 1879 1587 1922 hoc

6 1945 22 1989 L
91 1947 159 1987 ost
182 1942 230 1984 in
249 1940 459 1984 catholica
478 1939 673 1993 ecclesia,
703 1939 852 1982 scribit
870 1937 991 1981 talia:
1022 1938 1129 1990 Nos,
1151 1937 1303 1994 inquit,
1330 1937 1408 1993 qui
1425 1938 1586 1978 iustam

3 2002 11 2030 ἷ-
83 2004 260 2056 partem
289 1996 500 2054 Greqorii
527 1999 618 2040 iam
649 2011 677 2037 a
699 1996 791 2038 Deo
822 1995 1051 2051 assumpti,
1081 1995 1193 2036 sicut
1222 1994 1385 2035 iustum
1414 1998 1488 2046 est,
1517 1992 1587 2034 de-

0 2055 18 2096 i„
78 2054 330 2112 sendimus,
402 2069 449 2095 er
479 2053 556 2095 hoc
595 2067 682 2094 non
724 2051 906 2103 homini,
941 2050 1016 2092 sed
1048 2049 1131 2091 soli
1163 2050 1253 2091 Deo
1277 2047 1455 2104 placere
1485 2063 1584 2090 con-

0 2106 19 2201 ξ

0 2222 24 2324 ξ
91 2237 122 2289 a

89 2109 320 2154 tendimus.
420 2123 510 2165 rgo,
547 2108 660 2150 sicut
688 2106 849 2149 dictum
879 2113 946 2148 est
974 2120 1029 2147 ex
1057 2105 1311 2148 auctoritate
1341 2109 1584 2146 sanctorum

93 2173 280 2224 patrum,
315 2163 507 2218 heretici,
544 2164 647 2206 dum
677 2162 906 2205 defendere
933 2161 1078 2204 Deum
1109 2161 1314 2213 nituntur,
1345 2158 1586 2213 offendunt3

121 2228 255 2266 nanto
282 2222 421 2276 magis
451 2220 525 2278 qui
546 2226 712 2278 partem
732 2218 912 2261 alicuius
932 2216 1117 2260 bominis
1146 2216 1397 2259 defendunt!
1442 2215 1584 2258 Unum

91 2284 240 2336 itaque
279 2278 450 2334 signum
489 2283 554 2320 est
591 2275 833 2319 electionis:
873 2273 1067 2316 soliditas
1104 2273 1307 2316 caritatis.
1368 2271 1494 2315 Unde
1535 2286 1587 2314 ne

8 2359 23 2392 221
89 2333 163 2378 vel
180 2332 399 2377 miraculis
420 2331 592 2391 quidem
618 2347 664 2375 re
697 2331 897 2374 roborum
926 2329 1196 2382 seducamur,
1227 2343 1336 2386 quae
1364 2342 1450 2370 non
1480 2327 1589 2369 fiunt

92 2405 151 2435 ex
186 2390 377 2445 caritate,
418 2388 496 2432 sed
535 2403 613 2446 per
650 2388 918 2431 eectionem.
976 2386 1028 2428 In
1061 2387 1152 2439 hoc,
1188 2385 1326 2442 inquit
1361 2383 1587 2437 Dominus,
1602 2399 1668 2427 ιοιι.
1685 2398 1788 2433 iasa.

18 2463 116 2491 se

96 2502 124 2546 h

118 2452 352 2546 Ἑποσοοηε
394 2461 553 2498 omnes,
592 2446 700 2502 quia
735 2445 820 2486 mei
854 2448 952 2486 estis
987 2441 1213 2499 discipuli,
1250 2443 1291 2483 ai
1319 2440 1587 2483 dilectionem

183 2503 337 2546 ueritis
381 2502 443 2544 ad
484 2500 674 2543 invicem.
733 2500 871 2556 Igitur
912 2497 988 2541 ubi
1030 2512 1115 2540 non
1155 2504 1220 2540 est
1263 2497 1430 2549 caritas,
1475 2495 1588 2538 unde

91 2558 241 2602 unitur
273 2556 473 2612 ecclesia,
510 2556 572 2600 ibi
611 2570 697 2599 non
726 2563 791 2599 est
819 2555 996 2607 iustitia,
1027 2561 1070 2598 et
1098 2553 1174 2596 ubi
1202 2567 1290 2595 non
1318 2559 1385 2596 est
1412 2552 1587 2604 iustitia,

10 2650 34 2662 .,
90 2612 158 2657 ibi
182 2629 264 2658 nec
291 2615 429 2657 virtus
457 2613 614 2671 aliqua,
645 2612 847 2671 quoniam
879 2625 1028 2654 omnes
1056 2611 1263 2653 virtutum
1294 2609 1459 2666 species
1490 2622 1587 2650 con-

19 2679 35 2728 ,j-
90 2669 282 2714 tinuatur
317 2684 404 2712 uno
430 2670 617 2712 iustitiae
646 2668 832 2722 nomine,
870 2681 966 2709 cum
997 2673 1039 2710 et
1068 2666 1230 2709 iustitia
1259 2665 1314 2708 sit
1342 2664 1413 2708 lex
1444 2663 1589 2706 divina

17 2731 36 2767 ἶ.
92 2732 138 2770 et
162 2725 383 2769 vinculum
412 2726 629 2768 societatis
658 2724 882 2766 humanae.

210 2781 275 2825 15.
323 2781 586 2824 Intuendum
606 2781 749 2834 etiam,
777 2779 929 2836 inquit,
980 2778 1066 2822 uod
1087 2792 1245 2830 omnes,
1276 2778 1353 2834 qui
1377 2775 1587 2833 Wiqberto

94 2837 161 2881 vel
191 2838 413 2882 He‘nricho
429 2837 606 2894 favent,
645 2842 721 2878 aut
749 2837 1001 2892 temporeis
1044 2833 1255 2877 commodi
1292 2838 1486 2888 respectu
1526 2829 1589 2873 vel

94 2943 274 3004 ’.Μ-«ι.
