1878 3308
334 280 404 313 108
586 281 654 313 DE
681 280 892 314 UNITATE
919 280 1192 314 EOCLESIAE
1220 279 1591 315 CONSERVANDA.

230 411 315 437 1088.
362 393 518 435 uadam
556 390 827 449 popularium
867 397 1070 433 suoruma
1099 392 1235 434 Nonis
1264 390 1439 449 Aprilis,
1467 392 1512 435 in
1542 397 1696 448 quarta
1723 390 1831 434 feria

333 408 574 492 dominicae
594 447 820 505 passionis,
851 461 962 489 anno
984 446 1144 490 scilicet
1167 447 1307 491 1087.ι
1334 461 1361 490 a
1378 455 1570 505 tempore
1590 447 1830 490 dominicae

331 506 580 548 nativitatis.

445 562 514 604 32.
569 560 768 602 Vidimus
798 559 927 602 etiam
965 559 1027 601 ibi
1057 558 1375 615 Gebehardum,
1415 559 1578 603 dictum
1613 559 1830 616 quondam

335 617 695 673 salzburgensis»
745 614 953 658 ecclesiae
1001 615 1396 673 archiepiscopum,
1442 617 1518 673 qui
1552 622 1652 672 post
1698 614 1833 657 multa

333 672 540 716 ecclesiae
578 671 792 729 stipendia
828 672 970 728 coepit
1004 672 1091 713 iam
1127 673 1250 729 quasi
1278 687 1389 729 puer
1417 679 1588 715 centum
1621 685 1830 714 annorum

333 729 515 772 militare
544 730 589 770 in
610 729 760 771 castris
783 727 1020 782 Saxonum,
1051 742 1102 770 ac
1122 728 1251 785 paulo
1271 736 1370 795 post
1388 735 1636 785 recepturus
1656 727 1833 783 dignam

333 785 544 828 factorum
587 799 763 827 suorum
793 785 1181 827 remunerationem
1213 785 1359 839 ob1it2,
1428 792 1626 842 ostquam
1661 798 1689 826 a
1726 783 1836 826 viris

335 843 606 897 sanguinum,
652 842 741 882 suis
786 840 950 883 scilicet
993 841 1292 897 participibus,
1338 856 1361 883 e
1426 855 1500 883 sus
1543 846 1608 884 est
1655 839 1835 896 sanguis

334 897 565 940 multorum
594 901 637 938 in
668 897 851 939 circuitu
873 897 1236 953 Wirziburgensis
1267 897 1474 940 ecclesiae
1507 895 1653 940 velut³
1679 897 1726 938 in
1755 895 1837 937 cir-

334 955 454 997 cuitu
492 953 776 995 Hierusalem.
834 952 951 995 Ecce
982 954 1095 995 enim
1128 953 1482 1010 salzburgensisb
1513 952 1694 995 ecclesia
1733 965 1832 994 con-

335 1010 525 1053 dimento
563 1009 790 1066 pastoralis
830 1008 916 1051 cibi
955 1009 1088 1051 multo
1126 1011 1213 1052 iam
1251 1018 1444 1066 tempore
1485 1010 1634 1063 caruit,
1663 1022 1719 1051 ex
1749 1022 1837 1064 quo

334 1067 427 1110 eius
473 1073 620 1122 pastor
665 1065 935 1108 Gebehartus
972 1065 1102 1122 fugit,
1147 1067 1250 1123 quia
1295 1066 1502 1122 pacificus
1541 1080 1627 1107 non
1671 1065 1835 1118 extitit;

335 1121 507 1179 qualem
528 1120 693 1165 scilicet
721 1136 806 1164 non
826 1128 1055 1177 pastorem,
1085 1122 1162 1164 sed
1182 1123 1522 1165 mercennarium
1546 1123 1592 1163 in
1612 1119 1836 1177 euangelio

335 1178 524 1235 appellat
552 1178 780 1231 Dominus,
818 1178 1020 1234 quoniam
1058 1177 1160 1234 lupo
1192 1180 1463 1221 occasionem
1493 1177 1711 1221 saeviendi
1740 1191 1847 1233 per-¹

335 1235 465 1288 misit,
507 1233 727 1276 subtracta
770 1233 975 1290 pastorali
1023 1248 1126 1276 cura
1168 1235 1319 1291 ipsius.
1376 1235 1503 1278 Unde
1545 1233 1662 1277 idem
1709 1233 1834 1276 Deus

336 1290 613 1333 scientiarum
654 1290 866 1344 dominus,
910 1291 984 1347 qui
1022 1296 1063 1332 et
1101 1298 1248 1347 pastor
1284 1292 1436 1345 bonus,
1484 1290 1590 1333 dicit
1627 1288 1833 1333 ecclesiae

120 1347 606 1396 Marc.9,49.doctoribus:
651 1347 815 1389 Habete
853 1348 903 1388 in
943 1347 1061 1389 vobis
1099 1347 1232 1390 salem
1271 1354 1310 1390 et
1346 1363 1499 1403 pacem
1537 1346 1684 1389 habete
1719 1347 1836 1388 inter

336 1419 409 1446 vos
418 1419 434 1458 ;
465 1403 623 1445 bonum
653 1409 726 1456 est,
755 1403 906 1459 inquit,
936 1403 1018 1445 sal.
1076 1403 1160 1446 Per
1190 1403 1252 1445 sal
1282 1405 1443 1461 quippe
1471 1403 1682 1460 sapientia
1709 1400 1835 1445 verbi

337 1460 602 1516 designatur,
646 1473 731 1514 quo
768 1473 926 1501 areana
966 1459 1107 1501 cordis
1143 1460 1414 1502 condiuntur.
1473 1458 1575 1513 Sed,
1619 1459 1734 1501 sicut
1775 1458 1836 1500 ait

340 1522 513 1558 sanctus
553 1514 839 1570 Gregorius4:
886 1524 952 1558 Sal
987 1525 1063 1558 sine
1094 1537 1186 1568 pace
1219 1538 1291 1559 non
1324 1525 1464 1560 virtutis
1505 1531 1555 1560 est
1587 1525 1738 1567 donum,
1772 1524 1836 1558 sed

131 1587 158 1615 1.
173 1584 242 1614 Gor.
257 1587 284 1618 8,
299 1587 324 1613 1.
339 1575 581 1610 damnationis
623 1580 877 1620 aryumentum,
916 1574 1085 1617 quoniam
1115 1574 1263 1608 scientia
1300 1575 1413 1619 inflat,
1452 1575 1584 1609 caritas
1616 1585 1698 1609 vero
1737 1573 1835 1607 aedi-

330 1626 433 1668 ficat.
495 1625 592 1658 Unde
626 1623 803 1657 Dominus
837 1622 1016 1666 subiunyic
1051 1629 1154 1666 atque
1187 1624 1290 1657 dicit.-
1327 1623 1445 1664 ‘Quod
1478 1624 1510 1657 si
1535 1624 1591 1657 sal
1614 1622 1835 1665 infatuatum

123 1681 217 1707 Marc.
235 1680 262 1714 9,
274 1681 322 1707 49.
328 1674 459 1716 fuerit,
486 1673 523 1705 in
549 1685 616 1716 quo
643 1671 834 1705 saliam-:2⁹
875 1672 920 1704 In
946 1683 1013 1714 quo
1041 1672 1169 1706 scilicet
1191 1684 1315 1706 errans
1336 1673 1456 1706 doctor
1476 1671 1676 1716 corrigitur,
1702 1671 1764 1714 qui
1785 1671 1835 1704 ad

122 1731 322 1766 Matth.5,18.
340 1722 576 1766 auferendum
604 1720 851 1754 constituitur?
898 1720 1048 1763 Ideoque
1075 1721 1141 1754 ait.-
1168 1722 1238 1754 ‘Ad
1263 1721 1416 1754 nihilum
1443 1722 1535 1755 valet
1565 1721 1672 1763 ultra,
1699 1719 1770 1754 'nisi
1795 1725 1834 1753 ut

338 1776 499 1810 mittatur
518 1778 640 1820 foras,
677 1782 707 1809 et
740 1777 959 1808 conculcetur
994 1775 1038 1808 ab
1070 1775 1291 1816 hominibus',
1341 1766 1472 1808 quta
1511 1765 1626 1823 quod
1661 1764 1850 1807 alaudae,

338 1829 428 1864 tum
467 1822 646 1863 Domini
690 1820 846 1862 missus
890 1827 954 1862 est
996 1821 1124 1862 etiam
1166 1826 1288 1863 extra
1331 1821 1555 1864 ecclesiam
1600 1821 1834 1864 infatuatus

337 1877 408 1920 ille
439 1877 588 1919 doctor
611 1875 905 1926 Gebehardus,
937 1876 1109 1933 quando
1138 1877 1181 1918 in
1203 1877 1451 1934 supradicta
1469 1878 1634 1935 synodo
1654 1878 1833 1934 Mogun-

338 1934 517 1976 tiacensi
557 1932 868 1974 condemnatus
906 1940 971 1974 est
1010 1939 1139 1989 atque
1180 1932 1416 1990 deposituS,
1447 1948 1543 1976 cum
1573 1934 1667 1991 ipse
1696 1934 1832 1991 prius,

336 1996 483 2046 utpote
522 1989 727 2031 recedens
766 1988 820 2031 ab
861 1989 1023 2031 unitate
1061 1988 1294 2032 catholicae
1323 1990 1543 2046 ecclesiae,
1573 1991 1750 2048 proprio
1779 1990 1835 2032 sit

335 2047 496 2089 iudicio
529 2045 851 2087 condemnatus.

337 2178 368 2213 a)
388 2186 512 2206 suarum
535 2180 571 2212 13
591 2178 710 2205 Sobara.
734 2178 900 2205 emendavit.
982 2177 1014 2212 b)
1037 2179 1151 2207 Saltzb.
1175 2181 1204 2206 1.

338 2284 424 2327 quia
458 2289 541 2318 tunc
577 2284 710 2318 occisus
745 2289 794 2318 est
818 2285 877 2318 ille
908 2285 1121 2319 Burcardus
1154 2285 1456 2321 Halberstatemis
1488 2287 1670 2331 episcopus
1703 2299 1726 2321 a
1758 2287 1832 2321 saie
1874 2326 1878 2327 ⁷

332 2333 590 2376 popularibus,
624 2345 697 2367 ‘non
734 2333 774 2367 id
811 2338 934 2378 aqente
971 2334 1190 2376 marchione,
1232 2335 1295 2368 sed
1332 2340 1448 2370 tamen
1485 2335 1548 2369 hoc
1574 2337 1718 2379 factwm
1755 2337 1831 2380 ipso
1872 2347 1878 2377 ξ

340 2383 571 2425 approbante.
626 2382 680 2416 cf.
720 2383 813 2416 Ann.
846 2383 929 2416 Sax.
966 2383 991 2416 l.
1020 2395 1050 2417 e.
1089 2395 1123 2427 p.
1158 2383 1363 2425 724-726,
1397 2384 1455 2418 vel
1493 2385 1614 2428 potius
1652 2385 1831 2419 Herrandi

338 2431 547 2464 Passionem
582 2431 759 2465 Burcardi
793 2432 830 2464 in
857 2432 1116 2475 Winnigstadii
1150 2432 1280 2465 Chron.
1315 2433 1498 2467 Halberst.
1533 2433 1653 2477 (Abel,
1682 2433 1831 2468 ‘Samm-

338 2479 426 2522 lung
461 2480 552 2512 alter
583 2480 799 2513 Chroniken’
826 2492 860 2524 p.
888 2480 1111 2522 289—294),
1138 2492 1229 2524 quae
1263 2482 1300 2514 in
1331 2482 1422 2516 Ann.
1455 2482 1538 2516 sax.
1564 2482 1738 2516 translata
1763 2486 1830 2517 est.
1872 2483 1878 2491 ’

342 2528 377 2569 1)
405 2538 437 2561 a.
462 2528 567 2561 1088.
597 2529 859 2561 emendandum
887 2533 953 2570 est,
978 2533 1019 2563 ut
1043 2530 1136 2563 Ann¹
1165 2530 1261 2569 Sax„
1288 2532 1372 2573 quia
1404 2541 1437 2563 a.
1467 2531 1572 2572 1087,
1597 2531 1689 2566 Non.
1717 2532 1829 2576 April.
1871 2522 1878 2560 5

340 2576 416 2609 dies
443 2581 591 2610 octavus
618 2582 700 2620 post
727 2578 872 2620 pascha,
907 2588 976 2611 nec
1001 2583 1121 2612 tamen
1149 2583 1275 2621 quarta
1300 2579 1391 2612 feria
1418 2579 1620 2613 dominicae
1654 2582 1831 2624 passionis
1867 2564 1878 2611 ἶ

339 2628 431 2658 sunt.
482 2625 575 2658 Item
609 2626 703 2669 apud
730 2626 822 2660 Ann.
851 2627 932 2659 Sax.
967 2628 1078 2660 verba
1100 2626 1158 2660 die
1187 2629 1217 2660 7.
1244 2627 1378 2661 Iduum
1401 2627 1579 2672 Aprilium
1605 2629 1832 2664 emendanda
1862 2621 1878 2673 ἶ

339 2678 420 2707 sunt
445 2675 500 2706 in:
527 2672 584 2707 die
602 2673 636 2715 8,
664 2675 748 2718 quia
774 2675 897 2717 quinta
914 2675 1003 2709 feria
1027 2675 1124 2708 illius
1143 2677 1379 2711 hebdomadis
1407 2677 1483 2712 dies
1502 2678 1536 2712 8.
1554 2678 1612 2712 Id.
1629 2679 1715 2723 Apr.
1743 2683 1829 2713 erat.
1862 2682 1878 2727 ξ

339 2723 436 2766 Ergo
463 2723 667 2756 Bureardus
693 2723 889 2756 secundum
909 2725 1143 2757 Waltramum
1179 2725 1237 2758 die
1265 2727 1298 2760 5.
1325 2727 1424 2770 Apin,
1448 2727 1539 2760 feria
1564 2728 1598 2770 4,
1632 2729 1828 2762 secundum
1866 2741 1878 2770 p

338 2772 429 2804 Anu.
458 2771 542 2805 Sax.
576 2772 634 2804 die
662 2771 694 2805 6.
724 2772 824 2816 Apr.,
854 2773 945 2805 feria
975 2775 1017 2814 ὃς
1045 2785 1076 2807 v.
1103 2775 1242 2815 Delius,
1275 2776 1312 2808 in
1338 2787 1373 2809 v.
1399 2776 1579 2818 Ledebur,
1606 2774 1760 2810 ‘Archiv'
1786 2777 1828 2819 V,
1863 2775 1878 2832 ξ

339 2831 373 2864 p.
400 2820 446 2852 45
465 2831 545 2864 sqq.
645 2820 684 2863 2)
707 2820 762 2855 Cf.
789 2822 894 2855 Bern.
920 2834 955 2866 p.
982 2822 1065 2857 448.
1164 2824 1202 2866 3)
1237 2824 1342 2857 Haec
1380 2828 1545 2868 quattuor
1577 2825 1687 2859 verba
1710 2828 1830 2870 post&
1857 2840 1878 2863 ἡ

337 2870 490 2903 rioribus
515 2870 734 2913 temporibus
766 2870 910 2903 adiecta
944 2882 1033 2912 esse,
1062 2876 1185 2906 censet
1217 2874 1371 2916 Berger3
1411 2877 1448 2907 at
1483 2885 1502 2907 e
1536 2874 1674 2918 psalmo
1710 2874 1767 2914 78,
1792 2874 1828 2908 8.
1848 2871 1878 2905 ’ξ

340 2917 528 2963 desumpta
569 2922 660 2953 sunt.
760 2918 800 2963 4)
828 2920 992 2963 Gregorii
1018 2921 1138 2965 Opera
1163 2921 1215 2963 11,
1241 2934 1276 2967 p.
1302 2922 1361 2956 68.
