1878 3308
378 222 446 256 DE
473 222 683 256 UNITATE
710 222 984 258 ECCLESIAE
1012 223 1380 259 CONSERVANDA.
1615 227 1635 260 7

321 333 542 391 dignitatis
580 348 631 375 ae
668 335 813 390 regiae
850 335 1073 390 potestatis
1110 334 1378 378 Hildericum
1420 351 1516 378 cum
1554 337 1634 379 hoe

138 348 362 445 :guest-0,
396 391 479 443 oni,
517 396 566 432 ut
605 389 722 432 salva
758 389 942 433 dixerim
979 390 1077 443 fide,
1113 406 1200 434 non
1228 392 1444 434 invenitur
1472 393 1515 434 in
1545 398 1633 435 toto

138 445 406 490 &aneorum
435 460 569 503 regno
597 446 738 502 aptior
757 460 941 502 persona
959 446 1153 489 Romano
1181 448 1375 504 imperio,
1434 462 1532 491 uem
1557 463 1635 505 per

137 508 277 546 sotum
313 508 485 560 tempus
527 503 791 544 imminentis
832 501 943 555 belli,
983 503 1100 601 gluod
1136 503 1222 544 iam
1262 518 1340 559 per
1381 505 1401 545 1
1470 518 1605 546 annos
1621 513 1634 544 ¹.

132 564 302 615 gestum
323 567 400 612 est,
429 559 551 602 Deus
579 557 831 601 mirabiliter
859 564 980 601 custo
1014 559 1103 611 ’vit,
1135 573 1262 616 quem
1293 566 1336 602 et
1363 559 1408 601 in
1436 559 1633 603 omnibus

134 613 327 672 praeliis,
371 613 530 672 quibus
573 614 741 657 sexies¹
785 628 884 656 cum
929 614 1123 658 hostibus
1172 614 1382 670 conflixit,
1426 615 1631 659 ineffabili
1645 631 1799 666 or.11,1o.

134 670 265 713 modo
285 671 476 727 protexit
504 676 547 713 et
569 670 738 726 eripuit.
783 670 942 712 Hostes
965 671 1126 727 quippe
1144 671 1236 713 eius
1258 678 1391 725 erant,
1414 673 1488 728 qui
1508 673 1630 715 iuxta

132 727 300 783 regium
314 741 479 770 morem
494 733 760 768 sacramento
781 726 821 768 ei
840 726 969 768 fidem
991 725 1222 783 aliquando
1243 728 1538 784 promiserant,
1555 729 1627 785 qui

132 796 215 881 gro
244 797 296 826 eo
325 782 382 825 ad
411 781 724 826 confirmandas
754 782 990 838 supradicti
1010 797 1150 840 papae
1171 782 1457 826 Hildebrandi
1485 791 1627 840 partes

164 852 243 881 uos
282 839 426 896 potius
463 839 684 880 invasores
714 838 836 894 regni
866 852 994 896 quam
1023 853 1160 894 reges,
1190 853 1323 881 unum
1386 847 1452 882 ost
1478 855 1625 891 unum,

129 908 263 952 super
304 909 351 938 se
394 894 713 949 constituerant,
757 908 936 951 quorum
979 902 1119 937 unus⁸
1163 896 1209 937 in
1251 910 1356 952 proe
1374 897 1415 938 io
1458 895 1625 949 cecidit,

127 949 265 994 alten-⁸
301 951 347 992 in
383 951 703 1008 expugnatione
732 950 858 992 unius
888 949 1049 993 castelli
1080 950 1380 994 miserabiliter
1409 952 1624 994 occubuit.

131 1005 206 1050 Sic
233 1004 305 1049 ille
333 1006 551 1048 Romanus
579 1005 772 1063 pontifex
793 1021 945 1063 paoem
966 1006 1249 1060 confirmavit,
1280 1022 1409 1064 quam
1431 1007 1625 1050 Christus

126 1061 249 1106 dedit
274 1061 473 1106 fidelibus
491 1070 620 1120 atque
640 1062 823 1118 reliquit.
869 1063 1022 1105 Pacem
1042 1079 1192 1116 meam,
1222 1064 1374 1120 inquit,
1406 1065 1461 1106 do
1490 1064 1623 1116 vobis,
1636 1074 1703 1101 1011.
1716 1075 1823 1110 14,st

122 1133 295 1218 paceinu
307 1119 507 1176 relinquo
535 1119 670 1161 vobis.
715 1118 790 1160 Et:
819 1119 951 1161 Beati
968 1119 1166 1174 pamflci,
1197 1122 1406 1176 quoniam
1426 1118 1519 1174 filii
1537 1120 1625 1162 Dei
1636 1133 1823 1169 auctaas.

126 1189 235 1218 υοοα
295 1181 415 1218 ntur.

239 1230 282 1274 4.
324 1230 440 1273 Ecce
468 1237 612 1274 autem
641 1240 732 1274 erat
760 1233 872 1274 inter
901 1231 1007 1273 haee
1029 1230 1292 1273 Herimanno
1322 1230 1504 1273 Metensi
1534 1231 1621 1287 epi-

125 1299 262 1343 seopo
299 1300 389 1328 non
425 1286 597 1328 modica
636 1295 763 1329 cura⁵
802 1286 869 1330 vel
906 1287 960 1329 de
998 1285 1265 1329 obedientiae
1302 1287 1511 1329 sententia
1553 1285 1621 1328 vel

126 1341 182 1384 de
218 1340 319 1385 fidei
355 1356 457 1384 suae
496 1342 815 1396 observatione3
853 1349 1032 1384 noverat
1066 1343 1193 1394 enim,
1237 1357 1282 1384 se
1330 1341 1619 1384 obedientiam

125 1396 283 1441 debere
311 1397 506 1440 Romano
536 1397 727 1454 pontifici
755 1406 933 1464 propter
961 1398 1192 1454 primatum
1214 1398 1326 1440 sedis
1345 1397 1618 1454 apostolicae,

125 1460 305 1496 noverat
322 1454 464 1507 etiam,
486 1469 531 1497 se
551 1453 665 1507 fidei,
720 1468 819 1495 uam
840 1460 1078 1496 iuramento
1098 1454 1351 1510 promiserat
1369 1455 1472 1509 regi,
1502 1453 1620 1496 debi-

123 1516 261 1553 torem
289 1509 436 1563 fuisse,
467 1524 649 1566 quorum
679 1469 928 1552 alterutrum
958 1508 1116 1551 violare
1146 1510 1290 1566 magni
1328 1515 1394 1552 est
1458 1508 1618 1563 erieuli,

121 1572 168 1609 et
194 1564 294 1608 ideo
322 1580 420 1609 reus
450 1580 542 1608 esse
562 1566 731 1608 videtur
753 1566 929 1622 grandis
989 1564 1130 1618 iaculi,
1160 1580 1238 1622 per
1286 1579 1384 1607 uem
1412 1524 1526 1607 {geta
1555 1572 1619 1607 est

124 1620 232 1665 haec
261 1621 469 1664 discessio
500 1623 610 1664 inter
632 1629 817 1664 rectores
847 1637 948 1663 mun
983 1621 1009 1663 i.
1055 1620 1144 1663 Sed
1173 1620 1242 1663 ille
1306 1622 1513 1676 regorius,
1544 1622 1618 1677 qui

121 1683 167 1722 et
195 1676 456 1731 Hildibrant,
497 1691 693 1720 securum
733 1677 1049 1734 quodammodo
1086 1677 1188 1719 fecit
1223 1676 1491 1734 praedictum
1530 1677 1618 1734 epi-

124 1747 307 1790 scopum
345 1740 389 1777 et
422 1733 609 1800 reliquos
643 1733 829 1776 fautores
867 1734 1053 1790 partium
1092 1747 1266 1775 suarum
1297 1747 1426 1790 super
1454 1733 1617 1775 iuratae

122 1788 227 1834 fidei
254 1791 634 1847 praevaricanone,
665 1791 857 1832 scribens
869 1797 900 1843 ⁶,
936 1795 984 1831 ut
1021 1803 1151 1845 supra
1180 1788 1343 1831 dictum
1374 1795 1450 1839 est,
1482 1803 1616 1845 quen-

122 1844 226 1889 dam
262 1845 508 1902 pontificem
548 1845 789 1887 Romanum
829 1860 975 1888 omnes
1004 1845 1295 1909 Franeigenas
1324 1860 1350 1886 a
1378 1845 1616 1886 iuramento

122 1899 350 1954 fidelitatis,
379 1915 507 1958 quam
530 1901 750 1943 Hilderico
771 1900 923 1955 inutili,
954 1906 1002 1942 ut
1020 1901 1112 1956 ipse
1133 1907 1260 1943 etiam
1282 1900 1397 1951 dicit,
1419 1899 1473 1941 ad
1494 1900 1614 1956 regni

122 1956 417 2013 gubernacula
444 1958 536 2012 regi
566 1958 862 2013 promiserant,
892 1955 1140 2008 absolvisse,
1182 1961 1230 1997 ut
1259 1954 1530 2010 intelligatur,
1570 1968 1615 1997 se

152 2025 296 2070 uoque
324 2011 399 2054 tali
418 2012 618 2069 exemplo
639 2027 766 2068 posse
787 2026 893 2068 quos
913 2011 1095 2054 voluerit
1114 2026 1139 2052 a
1160 2017 1425 2053 sacramento
1446 2010 1614 2052 debitae

154 2067 223 2111 dei
253 2067 500 2121 absolvere3
539 2075 714 2125 propter
780 2068 865 2109 uod
906 2076 948 2110 et
975 2066 1055 2109 hoc
1086 2065 1239 2120 intulit,
1270 2066 1383 2123 quod
1416 2065 1613 2107 dominus

124 2123 250 2167 beato
271 2124 386 2167 Petri
415 2123 540 2166 dicit:
573 2125 636 2166 Tu
665 2139 707 2166 es
727 2083 895 2175 lgetrua,
925 2130 962 2164 et
992 2138 1125 2178 super
1154 2123 1268 2164 hanc
1292 2129 1461 2178 petram
1492 2122 1611 2163 aedi·
1626 2114 1795 2181 “fgffiJf'

112 2179 263 2235 ficabo
299 2180 518 2223 ecclesiam
555 2195 706 2232 meam,
745 2186 783 2221 et
816 2186 974 2235 portae
1013 2179 1148 2235 inferi
1183 2193 1271 2220 non
1297 2177 1613 2233 praevalebunt

126 2235 338 2279 adversus
366 2252 475 2290 eam,
505 2242 544 2278 et
572 2236 652 2278 tibi
681 2236 791 2277 dabo
823 2235 964 2277 claves
994 2236 1123 2290 requi
1152 2234 1382 2286 caelorum,
1413 2239 1451 2275 et
1481 2232 1612 2289 quod-

123 2306 305 2348 cumque
341 2291 554 2349 liyaveris
589 2306 724 2347 super
762 2298 934 2343 terram,
975 2292 1056 2333 erit
1093 2290 1277 2347 liqatum
1319 2291 1434 2331 etin
1465 2288 1612 2341 caelia,

125 2353 167 2390 et
232 2347 501 2404 uodcumque
544 2346 723 2390 solveris
759 2362 894 2403 super
930 2353 1105 2399 terram,
1142 2346 1223 2388 erit
1265 2345 1449 2387 solutum
1486 2351 1523 2385 et
1563 2345 1611 2386 in

124 2363 272 2447 caesis.
316 2403 477 2446 Verum
507 2403 637 2446 etiam
667 2409 829 2445 eertum
860 2409 937 2454 est,
967 2401 1081 2458 quod
1112 2401 1309 2443 dominus
1338 2400 1463 2443 beato
1485 2399 1612 2442 Petro

125 2465 170 2502 et
206 2459 251 2502 in
288 2459 383 2516 ipso
421 2467 593 2502 sanctae
631 2457 834 2501 eeclesiae
870 2458 1034 2500 dederit
1070 2458 1137 2499 ius
1175 2456 1338 2512 ligandi
1374 2462 1502 2512 atque
1533 2454 1612 2497 sol-

127 2573 164 2614 1)
200 2572 290 2607 Cum
317 2573 447 2607 benum
474 2584 567 2607 anno
599 2572 702 2607 1073.
728 2575 851 2607 initum
878 2575 935 2614 sit,
962 2573 1052 2606 haec
1078 2572 1188 2605 verba
1214 2582 1306 2604 anno
1336 2572 1441 2604 1090.
1478 2571 1611 2614 scripta

125 2631 207 2655 ease
232 2626 392 2665 apparet.
494 2622 533 2662 2)
559 2623 687 2655 Animo
713 2623 867 2656 auctoris
892 2622 956 2655 ina
983 2621 1143 2665 pericula
1168 2620 1357 2654 obversata
1383 2629 1461 2653 esse
1487 2618 1610 2651 viden-

125 2674 195 2709 tur,
219 2670 348 2713 quibus
373 2680 435 2703 rex
461 2670 648 2704 defunctus
675 2675 730 2704 est
755 2671 849 2714 apud
877 2670 1096 2713 Hohenbnrg
1122 2680 1154 2702 a.
1176 2668 1289 2709 10763
1317 2668 1411 2712 apud
1431 2666 1612 2700 Mellrich-

126 2718 226 2752 stadt
241 2728 272 2751 a.
287 2717 398 2759 10783
416 2718 510 2761 apud
530 2718 730 2752 Flareheim
747 2730 781 2752 a.
795 2719 907 2758 1080;
930 2718 1024 2762 apud
1043 2717 1310 2751 Robenmfflsen
1330 2727 1362 2749 ι.
1376 2712 1488 2752 108ος
1515 2714 1611 2758 apud

127 2765 328 2799 Ploiehfeld
347 2777 379 2799 a.
394 2766 503 2805 {0863
525 2766 620 2810 apud
640 2766 815 2800 Gleichen
834 2778 867 2801 a.
880 2767 984 2800 1088.
1018 2766 1180 2800 Eundem
1199 2775 1380 2799 numerum
1395 2768 1502 2807 atque
1517 2763 1610 2796 ordi-

129 2825 210 2848 nem
235 2814 448 2859 proeliorum
475 2814 610 2847 habent
634 2815 791 2848 Annales
818 2816 854 2849 S.
883 2815 1047 2849 Disibodi
1074 2820 1109 2848 ot
1135 2814 1383 2848 Ottenburani.
1476 2811 1514 2851 8)
1542 2811 1610 2844 Ru·

126 2863 256 2898 dolius.
358 2863 396 2904 4)
424 2862 672 2897 nerim-nnus.
772 2864 808 2902 ὅ)
835 2864 934 2904 Quae
961 2863 1069 2896 verba
1102 2873 1206 2906 quam
1233 2872 1318 2894 vera
1350 2862 1432 2900 sint,
1464 2863 1612 2902 apparet

127 2922 173 2946 ex
198 2913 300 2945 initio
325 2910 499 2956 epistulae
526 2909 622 2944 illius
650 2910 758 2950 (Jass'e
784 2910 809 2944 l.
829 2922 860 2945 c.
888 2923 923 2955 p.
941 2911 1042 2954 458).
1141 2910 1177 2950 6)
1204 2908 1343 2943 Ibidem
1370 2920 1403 2952 p.
1430 2907 1513 2940 458.
