1878 3308
351 301 420 335 m:
445 301 659 335 UNITATE
685 301 959 336 ECCLESIAE
990 300 1359 335 CONSERVANDA.
1560 300 1615 333 3¹¹(

109 410 321 455 Get-inum
350 411 535 455 diversis
555 412 707 469 poenis
735 419 778 455 et
807 412 1069 456 cruciatibus
1094 412 1334 455 interfecit¹
1365 411 1606 469 multosque

106 467 215 511 alio·
233 470 442 512 mactavit
460 474 503 511 et
523 470 750 525 oppressit.
781 469 878 523 Quo
909 468 1081 512 tandem
1103 470 1260 521 occiso,
1282 468 1494 525 Pippinus
1516 469 1606 510 dux

107 523 311 568 Austriae
339 525 478 568 maior
496 524 650 567 domus
670 525 867 580 efficitur,
897 526 971 583 qui
1001 526 1123 568 iuxta
1149 524 1416 568 nobilitatem
1446 526 1609 582 pariter

105 587 151 624 et
185 579 437 647 religionem
479 582 800 638 progenitorum
839 596 1016 624 suorum
1060 595 1169 638 opus
1213 589 1342 638 atque
1386 581 1607 637 negotium

105 636 291 695 piissimi
309 638 489 681 rectoris
519 645 563 680 et
590 636 902 694 religiosissimi
931 637 1142 695 principis
1171 639 1413 694 exequitur.
1458 637 1607 679 Domi-

103 707 188 736 nus
224 693 342 736 enim
370 692 589 748 ArnoIqu,
629 709 686 736 ex
723 693 812 736 filia
839 694 954 750 regis
984 693 1164 737 Olotarii
1191 700 1330 748 natus,
1367 707 1466 735 cum
1497 701 1610 737 esset

105 750 294 807 primum
338 750 477 792 maior
513 750 679 803 domus,
720 751 766 792 in
805 764 939 806 regno
982 749 1118 793 edidit
1161 750 1327 793 nobiles
1368 758 1410 792 et
1447 750 1608 792 virtute

106 811 376 863 praestantes
405 805 515 848 filios
534 805 717 862 palatim
748 807 823 863 qui
851 813 1002 863 postea
1022 821 1078 848 ex
1097 807 1347 849 meritorum
1369 806 1608 848 considera-

105 862 222 905 tione
257 862 398 906 factm
426 862 632 905 Metensis
661 861 870 904 ecclesiae
899 863 1048 919 episeo*
1079 877 1141 917 us,
1178 864 1327 919 genuit
1356 863 1453 905 Deo
1484 863 1608 919 spiri-

106 916 214 962 tales
238 917 352 962 filios
379 919 424 961 in
445 918 696 961 sacerdotio.
728 918 862 961 Cuius
882 926 998 961 certe
1022 919 1050 960 fi
1067 920 1135 961 ius
1164 927 1255 962 erat
1273 918 1503 968 Anchisus,
1534 919 1609 975 qui

105 973 163 1017 de
187 976 363 1018 nomino
391 973 569 1017 Troiani
594 974 809 1017 Anchisae
838 975 996 1018 dicitur
1024 975 1311 1032 appellatus²;
1353 975 1475 1017 cuius
1504 976 1607 1018 item

107 1029 223 1073 filius
261 1036 354 1075 erat
389 1031 484 1085 iste,
521 1029 575 1073 de
611 1045 698 1088 quo
738 1045 871 1089 supra
900 1031 1061 1074 dictum
1092 1039 1196 1086 est³‚
1226 1032 1453 1088 Pippinus‚
1483 1039 1614 1088 pater

108 1085 273 1130 seilicet
313 1087 493 1130 senioris
533 1085 675 1130 Caroli
721 1095 763 1130 et
800 1102 908 1130 avus
943 1089 1060 1144 regis
1099 1088 1290 1145 Pippini‚
1329 1087 1382 1130 de
1420 1102 1506 1145 quo
1546 1088 1610 1129 sic

103 1142 217 1186 inter
236 1150 382 1186 cetera
399 1141 559 1199 legitur
586 1143 632 1185 in
654 1143 798 1187 Gestis
818 1144 1097 1197 Francorum,
1129 1144 1259 1202 quod,
1280 1159 1367 1186 una
1387 1159 1487 1186 cum
1508 1157 1609 1185 con-

106 1198 217 1242 silio·
246 1206 292 1243 et
333 1213 545 1242 consensu
589 1202 780 1242 omnium
818 1200 1084 1243 Francorum
1127 1203 1260 1243 missa
1302 1200 1508 1243 relatione
1551 1199 1608 1241 ad

34 1305 38 1308 b
104 1254 253 1298 sedem
267 1255 551 1313 apostolicam
566 1262 608 1298 et
622 1257 875 1300 auctoritate
894 1264 1111 1314 percepta,
1133 1256 1379 1314 praecelsus
1396 1257 1609 1313 Pippinus

106 1310 316 1355 eloctione
353 1313 485 1356 totius
524 1313 666 1368 gentis
705 1312 960 1356 sublimatus
999 1314 1054 1354 sit
1092 1314 1136 1354 in
1174 1313 1319 1364 sedem
1356 1314 1479 1369 regni
1509 1327 1606 1353 cum

107 1369 432 1412 consecratione
474 1370 775 1425 episcoporum
824 1377 867 1412 et
910 1369 1176 1412 subiectione
1219 1370 1479 1426 principum.
1550 1368 1609 1410 Et

106 1423 148 1467 lo
274 1438 408 1482 supra
443 1425 629 1481 scriptor
663 1425 866 1468 historiae
905 1425 1147 1478 ostendens,
1185 1425 1356 1482 quando
1395 1432 1438 1468 et
1466 1439 1492 1466 a
1522 1439 1608 1482 quo

106 1481 179 1523 inc
210 1488 330 1524 naret
356 1480 428 1523 ille
457 1481 738 1537 principatus,
768 1483 842 1538 qui
871 1481 1029 1524 dicitur
1058 1482 1194 1523 maior
1220 1481 1393 1523 domus:
1429 1491 1610 1535 Tempore,

0 1555 10 1594 ’ᾗ
106 1536 288 1594 ἰῦίιῐιίῒθ,
317 1546 475 1589 dotarii,
495 1547 615 1591 patria
632 1547 839 1592 Dayobertt}
865 1559 1010 1592 regnum
1027 1547 1252 1581 Francorum
1277 1548 1351 1591 reyz'
1377 1553 1533 1590 coeptum
1558 1551 1610 1580 est

3 1606 10 1622 ³·
107 1595 402 1631 “administrari
418 1596 542 1636 abhis,
559 1595 903 1640 quiprovinores
923 1599 1058 1630 aulae
1077 1597 1234 1641 reqiae
1251 1596 1468 1631 velmasores
1482 1596 1608 1629 domus

108 1656 183 1680 mc
208 1645 435 1687 videbantur,
468 1644 597 1679 divina
630 1645 694 1679 hoc
718 1645 947 1688 dispensante
967 1646 1211 1688 providentia,
1238 1651 1275 1679 ut
1302 1646 1351 1678 ad
1377 1646 1502 1678 horum
1522 1656 1607 1688 pro-

104 1694 243 1740 ganie-t
258 1695 483 1729 Francorum
499 1694 758 1738 tramferrelur
774 1705 941 1738 νερπαηις
957 1694 1104 1738 fuitque
1125 1706 1164 1728 eo
1183 1700 1335 1738 tempore
1353 1693 1467 1728 maior
1483 1694 1610 1727 domus

106 1742 299 1788 &spalaeto
317 1742 514 1778 clotarii
529 1743 648 1787 regis
665 1741 850 1785 ArnoUus,
870 1743 936 1784 vir,
960 1748 997 1777 ιιι
1008 1744 1235 1787 postmodum
1252 1743 1392 1784 claruit,
1411 1743 1488 1776 Deo
1508 1754 1607 1775 ama·

106 1790 208 1834 ΗΕΒ,-
238 1792 303 1838 qm‘
328 1796 412 1836 post
444 1791 580 1826 saeculi
601 1791 753 1836 gloriam
779 1791 909 1826 Christi
939 1804 976 1826 se
1009 1792 1151 1826 servitio
1177 1793 1343 1833 subdens,
1370 1790 1543 1825 mirabilis
1570 1791 1609 1824 in

107 1846 312 1891 egi-’neopum
335 1846 460 1881 emam.
512 1835 793 1879 Considerate
823 1836 963 1879 hunc²
994 1837 1187 1880 ordinem
1217 1852 1359 1880 rerum
1387 1844 1606 1893 gestarum

108 1897 152 1934 et
177 1891 425 1950 perspicite,
456 1892 494 1934 si
522 1893 646 1935 iuxta
674 1893 933 1949 scripturam
962 1892 1248 1936 Hildebrandi
1285 1907 1341 1949 pa
1373 1907 1423 1935 ae
1452 1891 1607 1949 aliquis

108 1945 399 1991 Romanorum
419 1948 671 2005 pontificum
693 1948 943 2005 deposuerit
971 1963 998 1991 a
1016 1963 1149 2005 regno
1173 1963 1319 2005 regem
1339 1908 1606 1991 Francorum

108 2009 152 2047 'et
178 2003 471 2061 Fruncigenas
510 2004 749 2047 iuramento
789 2003 1020 2059 fidelitatis,
1058 2019 1189 2062 quam
1219 2005 1259 2047 ei
1288 2005 1505 2057 fecissent,
1533 2001 1607 2044 ab·

108 2057 301 2113 solverit3
341 2058 457 2116 quod
496 2058 660 2102 scilicet
694 2059 795 2102 fidei
824 2067 1154 2113 sacramentum,
1184 2060 1295 2102 sicut
1323 2066 1479 2116 supra⁸
1509 2073 1606 2115 pro-

109 2115 256 2158 batum
284 2120 350 2158 est
385 2129 441 2157 ex
480 2116 724 2158 testimonio
755 2114 912 2158 Sacrae
950 2115 1213 2172 Scripturae,
1251 2130 1378 2158 nemo
1417 2128 1606 2172 unquam

108 2169 274 2214 solvere
302 2171 474 2229 poterit,
502 2171 587 2213 nisi
607 2171 716 2214 forte
742 2170 976 2229 quemlibet
1003 2172 1102 2214 inde
1133 2170 1319 2214 solutum
1347 2171 1488 2214 facere
1506 2169 1609 2212 velit

108 2227 361 2271 mendacem
406 2226 534 2269 simul
578 2233 622 2269 at
652 2242 706 2270 ue
749 2228 970 2293 periurum
1015 2241 1066 2269 ac
1108 2227 1206 2270 ideo
1260 2226 1607 2270 condemnatum.

108 2281 468 2342 Quandoquidem
498 2283 567 2326 ille
598 2242 887 2337 fsslderichus,
917 2283 970 2326 de
1001 2298 1085 2349 quo
1114 2284 1269 2340 agitur,
1298 2282 1402 2325 nihil
1433 2283 1607 2325 omnino

109 2339 255 2397 regiae
284 2340 507 2397 potestatis
537 2339 606 2382 vel
636 2340 678 2382 di
711 2341 856 2382 nitatis
887 2339 1089 2382 habuisse
1119 2338 1438 2392 describatur·;
1477 2346 1606 2405 atque

109 2394 208 2440 ideo
237 2395 556 2454 comprobatur,
588 2410 674 2453 quo
734 2411 819 2439 non
849 2395 976 2438 fuerit
1005 2395 1204 2438 dominus
1234 2394 1474 2452 aliquorum
1516 2409 1606 2437 sive

109 2457 262 2506 rector,
323 2452 495 2495 uoniam
525 2466 603 2495 rex
632 2467 659 2495 a
688 2450 877 2508 regendo
908 2451 1074 2494 dicitur.
1133 2451 1193 2495 Ut
1230 2451 1343 2494 enim
1374 2449 1607 2508 quemlibet

110 2521 257 2565 regem
277 2521 301 2550 c
331 2508 555 2551 ristianum
577 2509 980 2565 praetermittamus,
1010 2521 1123 2561 ecee,
1151 2506 1367 2564 quomodo
1396 2508 1440 2549 in
1461 2505 1606 2550 Nabu-

110 2562 393 2618 chodonosor,
430 2578 533 2621 rege
570 2565 728 2607 iniusto
766 2571 808 2607 et
847 2563 957 2606 ultra
1001 2578 1170 2606 omnem
1211 2570 1366 2606 terram
1436 2563 1606 2618 essimo,

113 2634 229 2673 eece,
258 2620 448 2677 inquam,
478 2620 692 2678 quomodo
724 2621 888 2676 regiam
918 2625 1174 2676 potestatem
1203 2619 1249 2661 in
1278 2634 1329 2662 eo
1359 2634 1408 2662 ze
1426 2626 1522 2662 atus
1542 2627 1607 2663 est

114 2674 312 2718 dominus
342 2676 483 2719 Deus:
525 2676 641 2719 Gens
674 2691 785 2731 vero,
825 2676 1036 2733 inquiens,
1075 2681 1111 2718 et
1141 2690 1339 2732 requam,
1369 2676 1488 2733 quod
1516 2691 1603 2719 non
1618 2691 1677 2718 ιιι.
1691 2691 1739 2726 2¹1,
1750 2691 1781 2720 ο.

113 2801 144 2835 ι)
165 2802 207 2828 oie
222 2805 296 2834 puto
315 2801 493 2828 maeniu-
514 2810 589 2835 ψῃ·
610 2811 692 2830 nunc
717 2805 742 2830 ι.

117 2902 155 2946 1)
173 2903 284 2937 Gesta
298 2913 422 2945 regum
435 2902 655 2936 Frmeomm
674 2903 698 2937 1.
717 2903 741 2936 l.
802 2903 838 2945 2)
857 2903 1000 2942 Paulus.
1020 2904 1113 2936 nist.
1128 2902 1290 2946 Lnngob.
1306 2903 1434 2943 vm&
1492 2903 1530 2945 3)
1550 2904 1604 2937 ef.

114 2962 152 3042 g)
175 2951 234 3035 {a
261 2950 481 3033 fflfffflu
499 2951 562 2992 vl,
585 2951 639 2993 16,
667 2953 767 2986 cuius
792 2952 903 2986 verba
929 2953 1028 2985 anxit
1054 2956 1090 2985 et
1116 2953 1275 2985 mutavit.
1354 2954 1390 2993 δ)
1418 2952 1471 2986 ef.
1493 2963 1524 2986 c.
1547 2954 1603 2987 15.
