<?xml version="1.0" encoding="UTF-8"?>
<!DOCTYPE html PUBLIC "-//W3C//DTD XHTML 1.0 Transitional//EN"
    "http://www.w3.org/TR/xhtml1/DTD/xhtml1-transitional.dtd">
<html xmlns="http://www.w3.org/1999/xhtml" xml:lang="en" lang="en">
 <head>
  <title>
</title>
<meta http-equiv="Content-Type" content="text/html;charset=utf-8" />
  <meta name='ocr-system' content='tesseract 3.04.00' />
  <meta name='ocr-capabilities' content='ocr_page ocr_carea ocr_par ocr_line ocrx_word'/>
</head>
<body>
  <div class='ocr_page' id='page_1' title='image "./waltramiutvidetu00walruoft_0089.png"; bbox 0 0 1878 3308; ppageno 0'>
   <div class='ocr_carea' id='block_1_1' title="bbox 314 300 1577 337">
    <p class='ocr_par' dir='ltr' id='par_1_1' title="bbox 314 300 1577 337">
     <span class='ocr_line' id='line_1_1' title="bbox 314 300 1577 337; baseline 0.001 -1"><span class='ocrx_word' id='word_1_1' title='bbox 314 300 383 336; x_wconf 74' lang='lat' dir='ltr'>DE</span> <span class='ocrx_word' id='word_1_2' title='bbox 408 301 621 336; x_wconf 76' lang='lat' dir='ltr'>UNITATE</span> <span class='ocrx_word' id='word_1_3' title='bbox 649 301 921 336; x_wconf 74' lang='lat' dir='ltr'>ECCLESIAE</span> <span class='ocrx_word' id='word_1_4' title='bbox 949 302 1317 337; x_wconf 79' lang='lat' dir='ltr'>CONSERVANDA.</span> <span class='ocrx_word' id='word_1_5' title='bbox 1533 305 1577 337; x_wconf 83' lang='lat'>63</span> 
     </span>
    </p>
   </div>
   <div class='ocr_carea' id='block_1_2' title="bbox 80 417 1795 1618">
    <p class='ocr_par' dir='ltr' id='par_1_2' title="bbox 80 417 1795 1618">
     <span class='ocr_line' id='line_1_2' title="bbox 87 417 1580 464; baseline 0.001 -12"><span class='ocrx_word' id='word_1_6' title='bbox 87 417 176 452; x_wconf 71' lang='lat' dir='ltr'>dun</span> <span class='ocrx_word' id='word_1_7' title='bbox 194 417 385 462; x_wconf 71' lang='lat' dir='ltr'>praelatae</span> <span class='ocrx_word' id='word_1_8' title='bbox 409 417 577 462; x_wconf 74' lang='lat' dir='ltr'>diqnitati</span> <span class='ocrx_word' id='word_1_9' title='bbox 596 419 720 452; x_wconf 81' lang='lat' dir='ltr'>saltem</span> <span class='ocrx_word' id='word_1_10' title='bbox 745 417 891 453; x_wconf 69' lang='lat' dir='ltr'>innoxie</span> <span class='ocrx_word' id='word_1_11' title='bbox 916 423 948 452; x_wconf 86' lang='lat' dir='ltr'>et</span> <span class='ocrx_word' id='word_1_12' title='bbox 973 418 1122 452; x_wconf 85' lang='lat' dir='ltr'>latenter</span> <span class='ocrx_word' id='word_1_13' title='bbox 1146 418 1327 463; x_wconf 65' lang='lat' dir='ltr'>derogant,</span> <span class='ocrx_word' id='word_1_14' title='bbox 1361 420 1466 463; x_wconf 78' lang='lat' dir='ltr'>quasi</span> <span class='ocrx_word' id='word_1_15' title='bbox 1489 420 1580 464; x_wconf 58' lang='lat' dir='ltr'>regis</span> 
     </span>
     <span class='ocr_line' id='line_1_3' title="bbox 86 466 1579 512; baseline 0.002 -12"><span class='ocrx_word' id='word_1_16' title='bbox 86 466 302 511; x_wconf 69' lang='lat' dir='ltr'>superpositi</span> <span class='ocrx_word' id='word_1_17' title='bbox 317 470 445 501; x_wconf 69' lang='lat' dir='ltr'>eutem</span> <span class='ocrx_word' id='word_1_18' title='bbox 460 467 628 511; x_wconf 85' lang='lat' dir='ltr'>foedant,</span> <span class='ocrx_word' id='word_1_19' title='bbox 654 467 717 501; x_wconf 83' lang='lat' dir='ltr'>sed</span> <span class='ocrx_word' id='word_1_20' title='bbox 733 471 851 501; x_wconf 80' lang='lat' dir='ltr'>tamen</span> <span class='ocrx_word' id='word_1_21' title='bbox 877 468 927 502; x_wconf 80' lang='lat' dir='ltr'>ad</span> <span class='ocrx_word' id='word_1_22' title='bbox 942 473 1048 502; x_wconf 80' lang='lat' dir='ltr'>semet</span> <span class='ocrx_word' id='word_1_23' title='bbox 1073 467 1169 510; x_wconf 86' lang='lat' dir='ltr'>ipsos</span> <span class='ocrx_word' id='word_1_24' title='bbox 1194 468 1342 502; x_wconf 80' lang='lat' dir='ltr'>redeunt</span> <span class='ocrx_word' id='word_1_25' title='bbox 1358 479 1463 512; x_wconf 79' lang='lat' dir='ltr'>seque</span> <span class='ocrx_word' id='word_1_26' title='bbox 1479 469 1579 503; x_wconf 77' lang='lat' dir='ltr'>vehe-</span> 
     </span>
     <span class='ocr_line' id='line_1_4' title="bbox 86 513 1580 561; baseline 0.001 -12"><span class='ocrx_word' id='word_1_27' title='bbox 86 513 299 550; x_wconf 57' lang='lat' dir='ltr'>meusim</span> <span class='ocrx_word' id='word_1_28' title='bbox 335 516 610 559; x_wconf 78' lang='lat' dir='ltr'>reprehendunt.</span> <span class='ocrx_word' id='word_1_29' title='bbox 667 516 766 550; x_wconf 83' lang='lat' dir='ltr'>Unde</span> <span class='ocrx_word' id='word_1_30' title='bbox 804 520 836 550; x_wconf 88' lang='lat' dir='ltr'>et</span> <span class='ocrx_word' id='word_1_31' title='bbox 869 516 952 550; x_wconf 80' lang='lat' dir='ltr'>bens</span> <span class='ocrx_word' id='word_1_32' title='bbox 983 515 1057 550; x_wconf 79' lang='lat' dir='ltr'>illic</span> <span class='ocrx_word' id='word_1_33' title='bbox 1090 516 1260 560; x_wconf 79' lang='lat' dir='ltr'>scriptum</span> <span class='ocrx_word' id='word_1_34' title='bbox 1292 522 1354 559; x_wconf 84' lang='lat' dir='ltr'>est,</span> <span class='ocrx_word' id='word_1_35' title='bbox 1386 518 1471 561; x_wconf 79' lang='lat' dir='ltr'>quia</span> <span class='ocrx_word' id='word_1_36' title='bbox 1496 522 1580 561; x_wconf 82' lang='lat' dir='ltr'>post</span> 
     </span>
     <span class='ocr_line' id='line_1_5' title="bbox 86 563 1795 610; baseline 0.002 -12"><span class='ocrx_word' id='word_1_37' title='bbox 86 563 175 598; x_wconf 69' lang='grc' dir='ltr'>Ᾰωο</span> <span class='ocrx_word' id='word_1_38' title='bbox 210 563 336 599; x_wconf 72' lang='lat' dir='ltr'>David</span> <span class='ocrx_word' id='word_1_39' title='bbox 361 565 537 608; x_wconf 74' lang='lat' dir='ltr'>percussi!</span> <span class='ocrx_word' id='word_1_40' title='bbox 571 576 632 599; x_wconf 85' lang='lat' dir='ltr'>eor</span> <span class='ocrx_word' id='word_1_41' title='bbox 661 576 776 607; x_wconf 80' lang='lat' dir='ltr'>suum,</span> <span class='ocrx_word' id='word_1_42' title='bbox 811 576 850 599; x_wconf 88' lang='lat' dir='ltr'>eo</span> <span class='ocrx_word' id='word_1_43' title='bbox 883 564 979 609; x_wconf 76' lang='lat' dir='ltr'>quod</span> <span class='ocrx_word' id='word_1_44' title='bbox 1013 565 1217 599; x_wconf 67' lang='lat' dir='ltr'><strong><em>abscidisset</em></strong></span> <span class='ocrx_word' id='word_1_45' title='bbox 1245 577 1344 600; x_wconf 86' lang='lat' dir='ltr'>oram</span> <span class='ocrx_word' id='word_1_46' title='bbox 1382 566 1579 610; x_wconf 72' lang='lat' dir='ltr'><em>chlamydis</em></span> <span class='ocrx_word' id='word_1_47' title='bbox 1594 574 1795 610; x_wconf 9' lang='lat' dir='ltr'>1 Ssm.24‚6.</span> 
     </span>
     <span class='ocr_line' id='line_1_6' title="bbox 88 610 1581 658; baseline 0.001 -11"><span class='ocrx_word' id='word_1_48' title='bbox 88 610 193 647; x_wconf 72' lang='lat' dir='ltr'>Saul.</span> <span class='ocrx_word' id='word_1_49' title='bbox 230 611 348 647; x_wconf 77' lang='lat' dir='ltr'>Facta</span> <span class='ocrx_word' id='word_1_50' title='bbox 373 613 503 657; x_wconf 79' lang='lat' dir='ltr'>quippe</span> <span class='ocrx_word' id='word_1_51' title='bbox 522 613 810 658; x_wconf 77' lang='lat' dir='ltr'>praepositorum</span> <span class='ocrx_word' id='word_1_52' title='bbox 828 614 899 647; x_wconf 79' lang='lat' dir='ltr'>oris</span> <span class='ocrx_word' id='word_1_53' title='bbox 921 613 1043 658; x_wconf 76' lang='lat' dir='ltr'>qladio</span> <span class='ocrx_word' id='word_1_54' title='bbox 1060 613 1235 657; x_wconf 82' lang='lat' dir='ltr'>ferienda</span> <span class='ocrx_word' id='word_1_55' title='bbox 1259 626 1331 649; x_wconf 81' lang='lat' dir='ltr'>non</span> <span class='ocrx_word' id='word_1_56' title='bbox 1356 621 1449 657; x_wconf 83' lang='lat' dir='ltr'>sunt,</span> <span class='ocrx_word' id='word_1_57' title='bbox 1475 615 1581 650; x_wconf 83' lang='lat' dir='ltr'>etiam</span> 
     </span>
     <span class='ocr_line' id='line_1_7' title="bbox 88 661 1582 706; baseline 0 -9"><span class='ocrx_word' id='word_1_58' title='bbox 88 671 168 697; x_wconf 65' lang='lat' dir='ltr'>e·-</span> <span class='ocrx_word' id='word_1_59' title='bbox 190 666 281 696; x_wconf 73' lang='lat' dir='ltr'>rede</span> <span class='ocrx_word' id='word_1_60' title='bbox 305 662 599 706; x_wconf 74' lang='lat' dir='ltr'>reprehendenda</span> <span class='ocrx_word' id='word_1_61' title='bbox 623 662 843 697; x_wconf 74' lang='lat' dir='ltr'>iudicantur.</span> <span class='ocrx_word' id='word_1_62' title='bbox 887 661 930 696; x_wconf 79' lang='lat' dir='ltr'>Si</span> <span class='ocrx_word' id='word_1_63' title='bbox 953 664 1098 706; x_wconf 79' lang='lat' dir='ltr'>quando</span> <span class='ocrx_word' id='word_1_64' title='bbox 1124 674 1205 697; x_wconf 81' lang='lat' dir='ltr'>vero</span> <span class='ocrx_word' id='word_1_65' title='bbox 1232 670 1356 698; x_wconf 79' lang='lat' dir='ltr'>eontra</span> <span class='ocrx_word' id='word_1_66' title='bbox 1380 675 1438 698; x_wconf 91' lang='lat' dir='ltr'>eos</span> <span class='ocrx_word' id='word_1_67' title='bbox 1463 665 1520 699; x_wconf 83' lang='lat' dir='ltr'>vel</span> <span class='ocrx_word' id='word_1_68' title='bbox 1544 665 1582 697; x_wconf 84' lang='lat' dir='ltr'>in</span> 
     </span>
     <span class='ocr_line' id='line_1_8' title="bbox 85 709 1582 757; baseline 0.001 -13"><span class='ocrx_word' id='word_1_69' title='bbox 85 709 241 746; x_wconf 67' lang='lat' dir='ltr'>mininis</span> <span class='ocrx_word' id='word_1_70' title='bbox 266 711 392 756; x_wconf 71' lang='lat' dir='ltr'>linqua</span> <span class='ocrx_word' id='word_1_71' title='bbox 416 711 560 754; x_wconf 76' lang='lat' dir='ltr'>labitur,</span> <span class='ocrx_word' id='word_1_72' title='bbox 585 722 724 746; x_wconf 84' lang='lat' dir='ltr'>necesse</span> <span class='ocrx_word' id='word_1_73' title='bbox 749 715 810 751; x_wconf 86' lang='lat' dir='ltr'>est,</span> <span class='ocrx_word' id='word_1_74' title='bbox 840 717 880 744; x_wconf 81' lang='lat' dir='ltr'>ut</span> <span class='ocrx_word' id='word_1_75' title='bbox 903 723 969 755; x_wconf 77' lang='lat' dir='ltr'>per</span> <span class='ocrx_word' id='word_1_76' title='bbox 994 711 1222 755; x_wconf 78' lang='lat' dir='ltr'>afflictionem</span> <span class='ocrx_word' id='word_1_77' title='bbox 1249 713 1489 757; x_wconf 79' lang='lat' dir='ltr'>poenitentiae</span> <span class='ocrx_word' id='word_1_78' title='bbox 1523 725 1582 748; x_wconf 81' lang='lat' dir='ltr'>cor</span> 
     </span>
     <span class='ocr_line' id='line_1_9' title="bbox 80 760 1583 806; baseline 0.001 -12"><span class='ocrx_word' id='word_1_79' title='bbox 80 763 282 803; x_wconf 61' lang='lat' dir='ltr'>prematur,</span> <span class='ocrx_word' id='word_1_80' title='bbox 308 760 477 804; x_wconf 71' lang='lat' dir='ltr'>quatinus</span> <span class='ocrx_word' id='word_1_81' title='bbox 498 761 548 794; x_wconf 76' lang='lat' dir='ltr'>ad</span> <span class='ocrx_word' id='word_1_82' title='bbox 564 765 669 795; x_wconf 81' lang='lat' dir='ltr'>semet</span> <span class='ocrx_word' id='word_1_83' title='bbox 693 760 810 804; x_wconf 77' lang='lat' dir='ltr'>ipsum</span> <span class='ocrx_word' id='word_1_84' title='bbox 834 761 969 802; x_wconf 77' lang='lat' dir='ltr'>redeat,</span> <span class='ocrx_word' id='word_1_85' title='bbox 996 765 1039 802; x_wconf 86' lang='lat' dir='ltr'>et,</span> <span class='ocrx_word' id='word_1_86' title='bbox 1066 772 1145 795; x_wconf 81' lang='lat' dir='ltr'>cum</span> <span class='ocrx_word' id='word_1_87' title='bbox 1163 762 1394 806; x_wconf 72' lang='lat' dir='ltr'><strong><em>praepositae</em></strong></span> <span class='ocrx_word' id='word_1_88' title='bbox 1413 762 1583 806; x_wconf 71' lang='lat' dir='ltr'><em>potestati</em></span> 
     </span>
     <span class='ocr_line' id='line_1_10' title="bbox 87 807 1581 855; baseline 0.001 -11"><span class='ocrx_word' id='word_1_89' title='bbox 87 807 296 851; x_wconf 62' lang='grc' dir='ltr'>ἀείναον-ὕ,</span> <span class='ocrx_word' id='word_1_90' title='bbox 321 809 398 844; x_wconf 76' lang='lat' dir='ltr'>eius</span> <span class='ocrx_word' id='word_1_91' title='bbox 414 815 538 844; x_wconf 77' lang='lat' dir='ltr'>eontra</span> <span class='ocrx_word' id='word_1_92' title='bbox 562 820 600 844; x_wconf 85' lang='lat' dir='ltr'>se</span> <span class='ocrx_word' id='word_1_93' title='bbox 616 809 800 851; x_wconf 75' lang='lat' dir='ltr'>iudicium,</span> <span class='ocrx_word' id='word_1_94' title='bbox 826 822 850 842; x_wconf 82' lang='lat' dir='ltr'>a</span> <span class='ocrx_word' id='word_1_95' title='bbox 867 821 936 852; x_wconf 83' lang='lat' dir='ltr'>quo</span> <span class='ocrx_word' id='word_1_96' title='bbox 954 809 1022 843; x_wconf 86' lang='lat' dir='ltr'>sibi-</span> <span class='ocrx_word' id='word_1_97' title='bbox 1040 810 1214 853; x_wconf 83' lang='lat' dir='ltr'>praelata</span> <span class='ocrx_word' id='word_1_98' title='bbox 1239 816 1301 853; x_wconf 79' lang='lat' dir='ltr'>est,</span> <span class='ocrx_word' id='word_1_99' title='bbox 1320 811 1581 855; x_wconf 77' lang='lat' dir='ltr'>perhorrescat.</span> 
     </span>
     <span class='ocr_line' id='line_1_11' title="bbox 88 855 1582 912; baseline 0.002 -15"><span class='ocrx_word' id='word_1_100' title='bbox 88 862 187 898; x_wconf 70' lang='lat' dir='ltr'>Nm</span> <span class='ocrx_word' id='word_1_101' title='bbox 211 875 292 898; x_wconf 73' lang='lat' dir='ltr'>eum</span> <span class='ocrx_word' id='word_1_102' title='bbox 315 864 355 898; x_wconf 81' lang='lat' dir='ltr'>in</span> <span class='ocrx_word' id='word_1_103' title='bbox 375 865 598 908; x_wconf 79' lang='lat' dir='ltr'>praepositos</span> <span class='ocrx_word' id='word_1_104' title='bbox 614 864 863 908; x_wconf 72' lang='lat' dir='ltr'>delinquimus,</span> <span class='ocrx_word' id='word_1_105' title='bbox 889 864 978 906; x_wconf 79' lang='lat' dir='ltr'>eius,</span> <span class='ocrx_word' id='word_1_106' title='bbox 1002 855 1152 912; x_wconf 77' lang='lat' dir='ltr'>inquit,</span> <span class='ocrx_word' id='word_1_107' title='bbox 1181 865 1412 908; x_wconf 78' lang='lat' dir='ltr'>ordinationi,</span> <span class='ocrx_word' id='word_1_108' title='bbox 1437 866 1500 909; x_wconf 79' lang='lat' dir='ltr'>qui</span> <span class='ocrx_word' id='word_1_109' title='bbox 1524 877 1582 900; x_wconf 86' lang='lat' dir='ltr'>eos</span> 
     </span>
     <span class='ocr_line' id='line_1_12' title="bbox 86 908 1581 968; baseline 0.001 -15"><span class='ocrx_word' id='word_1_110' title='bbox 86 917 188 953; x_wconf 66' lang='lat' dir='ltr'>nobs·-</span> <span class='ocrx_word' id='word_1_111' title='bbox 209 918 394 962; x_wconf 73' lang='lat' dir='ltr'>prastuln&#39;e,</span> <span class='ocrx_word' id='word_1_112' title='bbox 418 919 611 954; x_wconf 75' lang='lat' dir='ltr'>obviamus.</span> <span class='ocrx_word' id='word_1_113' title='bbox 664 908 791 952; x_wconf 86' lang='lat' dir='ltr'><strong>Unde</strong></span> <span class='ocrx_word' id='word_1_114' title='bbox 830 910 959 952; x_wconf 89' lang='lat' dir='ltr'>etiam</span> <span class='ocrx_word' id='word_1_115' title='bbox 998 925 1097 953; x_wconf 91' lang='lat' dir='ltr'>cum</span> <span class='ocrx_word' id='word_1_116' title='bbox 1135 910 1263 968; x_wconf 90' lang='lat' dir='ltr'>longe</span> <span class='ocrx_word' id='word_1_117' title='bbox 1299 910 1472 968; x_wconf 88' lang='lat' dir='ltr'>lateque</span> <span class='ocrx_word' id='word_1_118' title='bbox 1509 926 1581 954; x_wconf 85' lang='lat' dir='ltr'>ex-</span> 
     </span>
     <span class='ocr_line' id='line_1_13' title="bbox 86 963 1582 1022; baseline 0.003 -16"><span class='ocrx_word' id='word_1_119' title='bbox 86 963 324 1007; x_wconf 84' lang='lat' dir='ltr'>crevissent</span> <span class='ocrx_word' id='word_1_120' title='bbox 362 963 632 1008; x_wconf 87' lang='lat' dir='ltr'>Simoniacae</span> <span class='ocrx_word' id='word_1_121' title='bbox 670 971 715 1008; x_wconf 90' lang='lat' dir='ltr'>et</span> <span class='ocrx_word' id='word_1_122' title='bbox 742 964 1071 1022; x_wconf 87' lang='lat' dir='ltr'>Neophytorum</span> <span class='ocrx_word' id='word_1_123' title='bbox 1107 966 1290 1022; x_wconf 83' lang='lat' dir='ltr'>hereses,</span> <span class='ocrx_word' id='word_1_124' title='bbox 1328 966 1443 1011; x_wconf 90' lang='lat' dir='ltr'>idem</span> <span class='ocrx_word' id='word_1_125' title='bbox 1476 966 1582 1010; x_wconf 84' lang='lat' dir='ltr'>Gre-</span> 
     </span>
     <span class='ocr_line' id='line_1_14' title="bbox 85 1019 1581 1080; baseline 0.001 -17"><span class='ocrx_word' id='word_1_126' title='bbox 85 1019 235 1078; x_wconf 80' lang='lat' dir='ltr'>gorius</span> <span class='ocrx_word' id='word_1_127' title='bbox 263 1034 393 1077; x_wconf 86' lang='lat' dir='ltr'>super</span> <span class='ocrx_word' id='word_1_128' title='bbox 421 1019 502 1063; x_wconf 87' lang='lat' dir='ltr'>hac</span> <span class='ocrx_word' id='word_1_129' title='bbox 531 1036 578 1064; x_wconf 89' lang='lat' dir='ltr'>re</span> <span class='ocrx_word' id='word_1_130' title='bbox 597 1019 722 1064; x_wconf 80' lang='lat' dir='ltr'>valde</span> <span class='ocrx_word' id='word_1_131' title='bbox 752 1020 961 1065; x_wconf 89' lang='lat' dir='ltr'>sollicitus</span> <span class='ocrx_word' id='word_1_132' title='bbox 990 1036 1078 1065; x_wconf 90' lang='lat' dir='ltr'>non</span> <span class='ocrx_word' id='word_1_133' title='bbox 1105 1024 1343 1078; x_wconf 81' lang='lat' dir='ltr'>minaciter,</span> <span class='ocrx_word' id='word_1_134' title='bbox 1374 1022 1450 1067; x_wconf 89' lang='lat' dir='ltr'>sed</span> <span class='ocrx_word' id='word_1_135' title='bbox 1481 1038 1581 1080; x_wconf 90' lang='lat' dir='ltr'>sup-</span> 
     </span>
     <span class='ocr_line' id='line_1_15' title="bbox 85 1074 1581 1137; baseline 0.002 -17"><span class='ocrx_word' id='word_1_136' title='bbox 85 1074 257 1134; x_wconf 80' lang='lat' dir='ltr'>pliciter</span> <span class='ocrx_word' id='word_1_137' title='bbox 294 1075 394 1120; x_wconf 87' lang='lat' dir='ltr'>inde</span> <span class='ocrx_word' id='word_1_138' title='bbox 434 1078 525 1133; x_wconf 87' lang='lat' dir='ltr'>egit</span> <span class='ocrx_word' id='word_1_139' title='bbox 559 1076 676 1135; x_wconf 87' lang='lat' dir='ltr'>apud</span> <span class='ocrx_word' id='word_1_140' title='bbox 706 1078 972 1121; x_wconf 84' lang='lat' dir='ltr'><strong>Francorum</strong></span> <span class='ocrx_word' id='word_1_141' title='bbox 1010 1093 1147 1136; x_wconf 88' lang='lat' dir='ltr'>reges.</span> <span class='ocrx_word' id='word_1_142' title='bbox 1206 1089 1374 1132; x_wconf 76' lang='lat' dir='ltr'>Paterno,</span> <span class='ocrx_word' id='word_1_143' title='bbox 1399 1079 1539 1137; x_wconf 89' lang='lat' dir='ltr'>inquit</span> <span class='ocrx_word' id='word_1_144' title='bbox 1555 1088 1581 1133; x_wconf 92' lang='lat'>¹,</span> 
     </span>
     <span class='ocr_line' id='line_1_16' title="bbox 87 1137 1582 1183; baseline 0.002 -13"><span class='ocrx_word' id='word_1_145' title='bbox 87 1147 150 1171; x_wconf 75' lang='lat' dir='ltr'>vos</span> <span class='ocrx_word' id='word_1_146' title='bbox 184 1137 381 1171; x_wconf 73' lang='lat' dir='ltr'>salutantes</span> <span class='ocrx_word' id='word_1_147' title='bbox 415 1137 543 1180; x_wconf 77' lang='lat' dir='ltr'>affecta</span> <span class='ocrx_word' id='word_1_148' title='bbox 572 1137 737 1182; x_wconf 80' lang='lat' dir='ltr'>petimus,</span> <span class='ocrx_word' id='word_1_149' title='bbox 765 1139 1096 1182; x_wconf 67' lang='lat' dir='ltr'>praecellentissimi</span> <span class='ocrx_word' id='word_1_150' title='bbox 1109 1139 1195 1183; x_wconf 81' lang='lat' dir='ltr'>filii,</span> <span class='ocrx_word' id='word_1_151' title='bbox 1228 1143 1266 1172; x_wconf 81' lang='lat' dir='ltr'>ut</span> <span class='ocrx_word' id='word_1_152' title='bbox 1291 1139 1493 1173; x_wconf 79' lang='lat' dir='ltr'>detestabile</span> <span class='ocrx_word' id='word_1_153' title='bbox 1518 1140 1582 1174; x_wconf 77' lang='lat' dir='ltr'>hoc</span> 
     </span>
     <span class='ocr_line' id='line_1_17' title="bbox 86 1184 1582 1232; baseline 0.002 -13"><span class='ocrx_word' id='word_1_154' title='bbox 86 1184 220 1220; x_wconf 71' lang='lat' dir='ltr'>ndum</span> <span class='ocrx_word' id='word_1_155' title='bbox 244 1184 470 1220; x_wconf 71' lang='lat' dir='ltr'>simoniacae</span> <span class='ocrx_word' id='word_1_156' title='bbox 504 1187 634 1221; x_wconf 72' lang='lat' dir='ltr'>heresis</span> <span class='ocrx_word' id='word_1_157' title='bbox 666 1199 709 1221; x_wconf 79' lang='lat' dir='ltr'>ac</span> <span class='ocrx_word' id='word_1_158' title='bbox 735 1187 1001 1231; x_wconf 76' lang='lat' dir='ltr'>Neophytorum</span> <span class='ocrx_word' id='word_1_159' title='bbox 1031 1189 1076 1222; x_wconf 84' lang='lat' dir='ltr'>de</span> <span class='ocrx_word' id='word_1_160' title='bbox 1100 1189 1202 1232; x_wconf 76' lang='lat' dir='ltr'>reqni</span> <span class='ocrx_word' id='word_1_161' title='bbox 1225 1188 1334 1222; x_wconf 78' lang='lat' dir='ltr'>vestri</span> <span class='ocrx_word' id='word_1_162' title='bbox 1346 1188 1484 1231; x_wconf 80' lang='lat' dir='ltr'>finibus</span> <span class='ocrx_word' id='word_1_163' title='bbox 1509 1193 1582 1222; x_wconf 82' lang='lat' dir='ltr'>stu-</span> 
     </span>
     <span class='ocr_line' id='line_1_18' title="bbox 87 1234 1583 1279; baseline 0.001 -11"><span class='ocrx_word' id='word_1_164' title='bbox 87 1234 203 1269; x_wconf 63' lang='lat' dir='ltr'>deatis</span> <span class='ocrx_word' id='word_1_165' title='bbox 234 1234 430 1279; x_wconf 71' lang='lat' dir='ltr'>prohiberi,</span> <span class='ocrx_word' id='word_1_166' title='bbox 468 1239 501 1269; x_wconf 80' lang='lat' dir='ltr'>et</span> <span class='ocrx_word' id='word_1_167' title='bbox 536 1236 640 1269; x_wconf 75' lang='lat' dir='ltr'>nulla</span> <span class='ocrx_word' id='word_1_168' title='bbox 678 1237 778 1279; x_wconf 76' lang='lat' dir='ltr'>apud</span> <span class='ocrx_word' id='word_1_169' title='bbox 812 1248 874 1270; x_wconf 84' lang='lat' dir='ltr'>vos</span> <span class='ocrx_word' id='word_1_170' title='bbox 902 1237 1094 1278; x_wconf 67' lang='lat' dir='ltr'>excusatio,</span> <span class='ocrx_word' id='word_1_171' title='bbox 1128 1238 1231 1271; x_wconf 82' lang='lat' dir='ltr'>nulla</span> <span class='ocrx_word' id='word_1_172' title='bbox 1264 1241 1387 1270; x_wconf 80' lang='lat' dir='ltr'>contra</span> <span class='ocrx_word' id='word_1_173' title='bbox 1426 1238 1583 1271; x_wconf 82' lang='lat' dir='ltr'>animam</span> 
     </span>
     <span class='ocr_line' id='line_1_19' title="bbox 86 1284 1583 1330; baseline 0.001 -12"><span class='ocrx_word' id='word_1_174' title='bbox 86 1287 241 1318; x_wconf 72' lang='lat' dir='ltr'>vestram</span> <span class='ocrx_word' id='word_1_175' title='bbox 270 1284 444 1328; x_wconf 61' lang='lat' dir='ltr'>suggestio</span> <span class='ocrx_word' id='word_1_176' title='bbox 479 1284 593 1319; x_wconf 72' lang='lat' dir='ltr'>locum</span> <span class='ocrx_word' id='word_1_177' title='bbox 625 1285 797 1327; x_wconf 78' lang='lat' dir='ltr'>inveniat,</span> <span class='ocrx_word' id='word_1_178' title='bbox 829 1284 917 1329; x_wconf 81' lang='lat' dir='ltr'>quia</span> <span class='ocrx_word' id='word_1_179' title='bbox 940 1285 1113 1328; x_wconf 80' lang='lat' dir='ltr'>facientis</span> <span class='ocrx_word' id='word_1_180' title='bbox 1140 1286 1272 1330; x_wconf 81' lang='lat' dir='ltr'>procul</span> <span class='ocrx_word' id='word_1_181' title='bbox 1301 1285 1408 1319; x_wconf 79' lang='lat' dir='ltr'>dubio</span> <span class='ocrx_word' id='word_1_182' title='bbox 1441 1287 1583 1329; x_wconf 81' lang='lat' dir='ltr'>culpam</span> 
     </span>
     <span class='ocr_line' id='line_1_20' title="bbox 87 1330 1581 1387; baseline -0.001 -14"><span class='ocrx_word' id='word_1_183' title='bbox 87 1337 211 1381; x_wconf 66' lang='lat' dir='ltr'>habet,</span> <span class='ocrx_word' id='word_1_184' title='bbox 242 1338 307 1383; x_wconf 74' lang='lat' dir='ltr'>qm·</span> <span class='ocrx_word' id='word_1_185' title='bbox 366 1339 438 1373; x_wconf 80' lang='lat' dir='ltr'>uod</span> <span class='ocrx_word' id='word_1_186' title='bbox 466 1344 583 1383; x_wconf 79' lang='lat' dir='ltr'>potest</span> <span class='ocrx_word' id='word_1_187' title='bbox 615 1340 789 1384; x_wconf 64' lang='lat' dir='ltr'>corrigere</span> <span class='ocrx_word' id='word_1_188' title='bbox 823 1339 968 1385; x_wconf 66' lang='lat' dir='ltr'>negligit</span> <span class='ocrx_word' id='word_1_189' title='bbox 996 1340 1196 1375; x_wconf 81' lang='lat' dir='ltr'>emendare.</span> <span class='ocrx_word' id='word_1_190' title='bbox 1247 1330 1371 1373; x_wconf 83' lang='lat' dir='ltr'>Haec</span> <span class='ocrx_word' id='word_1_191' title='bbox 1399 1330 1581 1387; x_wconf 76' lang='lat' dir='ltr'>legimus</span> 
     </span>
     <span class='ocr_line' id='line_1_21' title="bbox 87 1384 1581 1441; baseline 0.003 -16"><span class='ocrx_word' id='word_1_192' title='bbox 87 1389 283 1426; x_wconf 74' lang='lat' dir='ltr'>sanctum</span> <span class='ocrx_word' id='word_1_193' title='bbox 371 1384 587 1440; x_wconf 77' lang='lat' dir='ltr'>tegorium</span> <span class='ocrx_word' id='word_1_194' title='bbox 632 1385 854 1441; x_wconf 81' lang='lat' dir='ltr'>scripsisse</span> <span class='ocrx_word' id='word_1_195' title='bbox 898 1392 941 1428; x_wconf 93' lang='lat' dir='ltr'>et</span> <span class='ocrx_word' id='word_1_196' title='bbox 982 1385 1196 1439; x_wconf 85' lang='lat' dir='ltr'>docuisse,</span> <span class='ocrx_word' id='word_1_197' title='bbox 1239 1393 1294 1439; x_wconf 89' lang='lat' dir='ltr'>et,</span> <span class='ocrx_word' id='word_1_198' title='bbox 1338 1394 1386 1429; x_wconf 91' lang='lat' dir='ltr'>ut</span> <span class='ocrx_word' id='word_1_199' title='bbox 1424 1385 1581 1429; x_wconf 89' lang='lat' dir='ltr'>multos</span> 
     </span>
     <span class='ocr_line' id='line_1_22' title="bbox 85 1437 1580 1499; baseline 0.001 -17"><span class='ocrx_word' id='word_1_200' title='bbox 85 1437 357 1494; x_wconf 79' lang='lat' dir='ltr'>lucrificaret,</span> <span class='ocrx_word' id='word_1_201' title='bbox 402 1454 448 1482; x_wconf 88' lang='lat' dir='ltr'>se</span> <span class='ocrx_word' id='word_1_202' title='bbox 491 1454 664 1482; x_wconf 86' lang='lat' dir='ltr'>servum</span> <span class='ocrx_word' id='word_1_203' title='bbox 708 1441 912 1494; x_wconf 90' lang='lat' dir='ltr'>omnium,</span> <span class='ocrx_word' id='word_1_204' title='bbox 961 1442 1195 1498; x_wconf 82' lang='lat' dir='ltr'>praecipue</span> <span class='ocrx_word' id='word_1_205' title='bbox 1242 1448 1385 1485; x_wconf 89' lang='lat' dir='ltr'>autem</span> <span class='ocrx_word' id='word_1_206' title='bbox 1428 1457 1580 1499; x_wconf 86' lang='lat' dir='ltr'>regum</span> 
     </span>
     <span class='ocr_line' id='line_1_23' title="bbox 85 1494 1581 1554; baseline 0.002 -16"><span class='ocrx_word' id='word_1_207' title='bbox 85 1501 215 1553; x_wconf 86' lang='lat' dir='ltr'>atque</span> <span class='ocrx_word' id='word_1_208' title='bbox 250 1495 555 1553; x_wconf 90' lang='lat' dir='ltr'>imperatorum</span> <span class='ocrx_word' id='word_1_209' title='bbox 596 1494 770 1550; x_wconf 81' lang='lat' dir='ltr'>fecisse3</span> <span class='ocrx_word' id='word_1_210' title='bbox 808 1496 992 1554; x_wconf 88' lang='lat' dir='ltr'>ideoque</span> <span class='ocrx_word' id='word_1_211' title='bbox 1020 1498 1192 1540; x_wconf 87' lang='lat' dir='ltr'>videtur</span> <span class='ocrx_word' id='word_1_212' title='bbox 1218 1497 1344 1541; x_wconf 87' lang='lat' dir='ltr'>nobis</span> <span class='ocrx_word' id='word_1_213' title='bbox 1373 1497 1454 1541; x_wconf 88' lang='lat' dir='ltr'>hoe</span> <span class='ocrx_word' id='word_1_214' title='bbox 1483 1513 1581 1541; x_wconf 93' lang='lat' dir='ltr'>con-</span> 
     </span>
     <span class='ocr_line' id='line_1_24' title="bbox 86 1553 1579 1618; baseline 0.001 -23"><span class='ocrx_word' id='word_1_215' title='bbox 86 1566 271 1618; x_wconf 67' lang='lat' dir='ltr'>sequens</span> <span class='ocrx_word' id='word_1_216' title='bbox 298 1566 385 1594; x_wconf 90' lang='lat' dir='ltr'>non</span> <span class='ocrx_word' id='word_1_217' title='bbox 414 1566 522 1617; x_wconf 77' lang='lat' dir='ltr'>esse,</span> <span class='ocrx_word' id='word_1_218' title='bbox 551 1560 600 1594; x_wconf 91' lang='lat' dir='ltr'>ut</span> <span class='ocrx_word' id='word_1_219' title='bbox 619 1553 900 1607; x_wconf 88' lang='lat' dir='ltr'>constituerit,</span> <span class='ocrx_word' id='word_1_220' title='bbox 928 1567 1051 1610; x_wconf 87' lang='lat' dir='ltr'>reges</span> <span class='ocrx_word' id='word_1_221' title='bbox 1071 1554 1239 1611; x_wconf 89' lang='lat' dir='ltr'>aliquos</span> <span class='ocrx_word' id='word_1_222' title='bbox 1259 1554 1314 1597; x_wconf 89' lang='lat' dir='ltr'>de</span> <span class='ocrx_word' id='word_1_223' title='bbox 1342 1569 1475 1611; x_wconf 86' lang='lat' dir='ltr'>regno</span> <span class='ocrx_word' id='word_1_224' title='bbox 1502 1570 1579 1597; x_wconf 88' lang='lat' dir='ltr'>suo</span> 
     </span>
    </p>
   </div>
   <div class='ocr_carea' id='block_1_3' title="bbox 86 1606 1581 1677">
    <p class='ocr_par' dir='ltr' id='par_1_3' title="bbox 86 1606 1581 1677">
     <span class='ocr_line' id='line_1_25' title="bbox 86 1606 1581 1677; baseline 0.003 -27"><span class='ocrx_word' id='word_1_225' title='bbox 86 1606 332 1651; x_wconf 72' lang='lat' dir='ltr'>deiciendos</span> <span class='ocrx_word' id='word_1_226' title='bbox 352 1622 460 1661; x_wconf 86' lang='lat' dir='ltr'>esse,</span> <span class='ocrx_word' id='word_1_227' title='bbox 476 1615 587 1650; x_wconf 79' lang='lat' dir='ltr'>sicut</span> <span class='ocrx_word' id='word_1_228' title='bbox 607 1609 647 1651; x_wconf 90' lang='lat' dir='ltr'>ei</span> <span class='ocrx_word' id='word_1_229' title='bbox 666 1608 873 1652; x_wconf 86' lang='lat' dir='ltr'>adscribit</span> <span class='ocrx_word' id='word_1_230' title='bbox 891 1610 1138 1677; x_wconf 80' lang='lat' dir='ltr'>propositae</span> <span class='ocrx_word' id='word_1_231' title='bbox 1158 1610 1342 1667; x_wconf 88' lang='lat' dir='ltr'>scriptor</span> <span class='ocrx_word' id='word_1_232' title='bbox 1361 1610 1581 1668; x_wconf 87' lang='lat' dir='ltr'>epistolae.</span> 
     </span>
    </p>
   </div>
   <div class='ocr_carea' id='block_1_4' title="bbox 0 1661 1581 1722">
    <p class='ocr_par' dir='ltr' id='par_1_4' title="bbox 0 1661 1581 1722">
     <span class='ocr_line' id='line_1_26' title="bbox 0 1661 1581 1722; baseline 0.003 -16"><span class='ocrx_word' id='word_1_233' title='bbox 0 1681 18 1691; x_wconf 91' lang='grc'>-·</span> <span class='ocrx_word' id='word_1_234' title='bbox 87 1661 331 1722; x_wconf 64' lang='lat' dir='ltr'>Gregorius</span> <span class='ocrx_word' id='word_1_235' title='bbox 343 1672 374 1718; x_wconf 84' lang='lat'>²,</span> <span class='ocrx_word' id='word_1_236' title='bbox 416 1663 567 1721; x_wconf 88' lang='lat' dir='ltr'>inquit,</span> <span class='ocrx_word' id='word_1_237' title='bbox 612 1665 746 1707; x_wconf 73' lang='lat' dir='ltr'>huius</span> <span class='ocrx_word' id='word_1_238' title='bbox 788 1667 982 1708; x_wconf 74' lang='lat' dir='ltr'>nominis</span> <span class='ocrx_word' id='word_1_239' title='bbox 1019 1668 1222 1722; x_wconf 82' lang='lat' dir='ltr'>primus:</span> <span class='ocrx_word' id='word_1_240' title='bbox 1265 1667 1581 1720; x_wconf 61' lang='lat' dir='ltr'>‘Decet-nimus,</span> 
     </span>
    </p>
   </div>
   <div class='ocr_carea' id='block_1_5' title="bbox 85 1721 1582 2060">
    <p class='ocr_par' dir='ltr' id='par_1_5' title="bbox 85 1721 1582 2060">
     <span class='ocr_line' id='line_1_27' title="bbox 85 1721 1582 1818; baseline 0.002 -55"><span class='ocrx_word' id='word_1_241' title='bbox 85 1734 211 1778; x_wconf 69' lang='lat' dir='ltr'>reyes</span> <span class='ocrx_word' id='word_1_242' title='bbox 240 1735 270 1763; x_wconf 85' lang='lat' dir='ltr'>a</span> <span class='ocrx_word' id='word_1_243' title='bbox 298 1722 394 1763; x_wconf 81' lang='lat' dir='ltr'>suis</span> <span class='ocrx_word' id='word_1_244' title='bbox 424 1721 717 1818; x_wconf 49' lang='lat' dir='ltr'>dgnitatibus</span> <span class='ocrx_word' id='word_1_245' title='bbox 746 1722 902 1764; x_wconf 79' lang='lat' dir='ltr'>cadere</span> <span class='ocrx_word' id='word_1_246' title='bbox 940 1729 979 1763; x_wconf 87' lang='lat' dir='ltr'>et</span> <span class='ocrx_word' id='word_1_247' title='bbox 1002 1724 1352 1779; x_wconf 77' lang='lat' dir='ltr'>participatione</span> <span class='ocrx_word' id='word_1_248' title='bbox 1382 1725 1582 1780; x_wconf 83' lang='lat' dir='ltr'>corporis</span> 
     </span>
     <span class='ocr_line' id='line_1_28' title="bbox 86 1778 1578 1835; baseline 0.002 -16"><span class='ocrx_word' id='word_1_249' title='bbox 86 1781 127 1820; x_wconf 79' lang='lat' dir='ltr'>et</span> <span class='ocrx_word' id='word_1_250' title='bbox 168 1778 409 1834; x_wconf 63' lang='lat' dir='ltr'>sanguinis</span> <span class='ocrx_word' id='word_1_251' title='bbox 497 1778 634 1819; x_wconf 86' lang='lat' dir='ltr'>omini</span> <span class='ocrx_word' id='word_1_252' title='bbox 682 1791 851 1831; x_wconf 81' lang='lat' dir='ltr'>carere,</span> <span class='ocrx_word' id='word_1_253' title='bbox 897 1780 973 1835; x_wconf 83' lang='lat' dir='ltr'>qui</span> <span class='ocrx_word' id='word_1_254' title='bbox 1010 1781 1244 1822; x_wconf 83' lang='lat' dir='ltr'>temerario</span> <span class='ocrx_word' id='word_1_255' title='bbox 1289 1794 1405 1822; x_wconf 79' lang='lat' dir='ltr'>ausa</span> <span class='ocrx_word' id='word_1_256' title='bbox 1441 1795 1578 1835; x_wconf 84' lang='lat' dir='ltr'>prae-</span> 
     </span>
     <span class='ocr_line' id='line_1_29' title="bbox 85 1833 1582 1901; baseline 0.001 -26"><span class='ocrx_word' id='word_1_257' title='bbox 85 1834 353 1889; x_wconf 80' lang='lat' dir='ltr'>sumpserint</span> <span class='ocrx_word' id='word_1_258' title='bbox 377 1839 532 1876; x_wconf 83' lang='lat' dir='ltr'>contra</span> <span class='ocrx_word' id='word_1_259' title='bbox 561 1833 678 1876; x_wconf 86' lang='lat' dir='ltr'>sedis</span> <span class='ocrx_word' id='word_1_260' title='bbox 698 1833 966 1890; x_wconf 84' lang='lat' dir='ltr'>apostolicae</span> <span class='ocrx_word' id='word_1_261' title='bbox 994 1836 1120 1877; x_wconf 83' lang='lat' dir='ltr'>iussa</span> <span class='ocrx_word' id='word_1_262' title='bbox 1139 1836 1313 1877; x_wconf 84' lang='lat' dir='ltr'>venire&#39;.</span> <span class='ocrx_word' id='word_1_263' title='bbox 1359 1834 1486 1878; x_wconf 82' lang='lat' dir='ltr'>Certe</span> <span class='ocrx_word' id='word_1_264' title='bbox 1507 1836 1582 1901; x_wconf 71' lang='lat' dir='ltr'>qui</span> 
     </span>
     <span class='ocr_line' id='line_1_30' title="bbox 86 1887 1581 1955; baseline 0.001 -24"><span class='ocrx_word' id='word_1_265' title='bbox 86 1887 299 1932; x_wconf 84' lang='lat' dir='ltr'>eiusmodi</span> <span class='ocrx_word' id='word_1_266' title='bbox 318 1894 395 1943; x_wconf 89' lang='lat' dir='ltr'>est,</span> <span class='ocrx_word' id='word_1_267' title='bbox 424 1889 510 1931; x_wconf 88' lang='lat' dir='ltr'>iam</span> <span class='ocrx_word' id='word_1_268' title='bbox 530 1888 745 1931; x_wconf 86' lang='lat' dir='ltr'>iudicatus</span> <span class='ocrx_word' id='word_1_269' title='bbox 764 1895 842 1944; x_wconf 86' lang='lat' dir='ltr'>est,</span> <span class='ocrx_word' id='word_1_270' title='bbox 871 1889 993 1932; x_wconf 83' lang='lat' dir='ltr'>iuxta</span> <span class='ocrx_word' id='word_1_271' title='bbox 1014 1890 1131 1955; x_wconf 78' lang='lat' dir='ltr'>q.¹¹⁰d</span> <span class='ocrx_word' id='word_1_272' title='bbox 1160 1897 1202 1933; x_wconf 90' lang='lat' dir='ltr'>et</span> <span class='ocrx_word' id='word_1_273' title='bbox 1223 1889 1327 1934; x_wconf 83' lang='lat' dir='ltr'>Saul</span> <span class='ocrx_word' id='word_1_274' title='bbox 1347 1906 1374 1934; x_wconf 88' lang='lat' dir='ltr'>a</span> <span class='ocrx_word' id='word_1_275' title='bbox 1393 1891 1581 1933; x_wconf 89' lang='lat' dir='ltr'>Dommo</span> 
     </span>
     <span class='ocr_line' id='line_1_31' title="bbox 85 1943 1582 2042; baseline 0 -53"><span class='ocrx_word' id='word_1_276' title='bbox 85 1943 340 2003; x_wconf 79' lang='lat' dir='ltr'>reprobatus</span> <span class='ocrx_word' id='word_1_277' title='bbox 368 1951 447 1999; x_wconf 88' lang='lat' dir='ltr'>est,</span> <span class='ocrx_word' id='word_1_278' title='bbox 477 1951 520 1988; x_wconf 91' lang='lat' dir='ltr'>et</span> <span class='ocrx_word' id='word_1_279' title='bbox 548 1951 690 1988; x_wconf 87' lang='lat' dir='ltr'>tamen</span> <span class='ocrx_word' id='word_1_280' title='bbox 720 1952 950 2042; x_wconf 75' lang='lat' dir='ltr'>postquam</span> <span class='ocrx_word' id='word_1_281' title='bbox 980 1945 1197 1989; x_wconf 79' lang='lat' dir='ltr'>ab1ecerat</span> <span class='ocrx_word' id='word_1_282' title='bbox 1226 1961 1324 1989; x_wconf 89' lang='lat' dir='ltr'>eum</span> <span class='ocrx_word' id='word_1_283' title='bbox 1354 1947 1582 2000; x_wconf 90' lang='lat' dir='ltr'>Dominus,</span> 
     </span>
     <span class='ocr_line' id='line_1_32' title="bbox 86 1999 1582 2060; baseline 0 -16"><span class='ocrx_word' id='word_1_284' title='bbox 86 2015 142 2044; x_wconf 88' lang='lat' dir='ltr'>ne</span> <span class='ocrx_word' id='word_1_285' title='bbox 170 2007 370 2058; x_wconf 81' lang='lat' dir='ltr'>regnaret</span> <span class='ocrx_word' id='word_1_286' title='bbox 396 2014 528 2058; x_wconf 89' lang='lat' dir='ltr'>super</span> <span class='ocrx_word' id='word_1_287' title='bbox 546 1999 692 2054; x_wconf 89' lang='lat' dir='ltr'>Israel,</span> <span class='ocrx_word' id='word_1_288' title='bbox 738 2001 879 2056; x_wconf 87' lang='lat' dir='ltr'>egitur</span> <span class='ocrx_word' id='word_1_289' title='bbox 907 2000 1062 2043; x_wconf 90' lang='lat' dir='ltr'>multos</span> <span class='ocrx_word' id='word_1_290' title='bbox 1082 2015 1217 2044; x_wconf 84' lang='lat' dir='ltr'>annos</span> <span class='ocrx_word' id='word_1_291' title='bbox 1237 2003 1399 2045; x_wconf 85' lang='lat' dir='ltr'>vixisse</span> <span class='ocrx_word' id='word_1_292' title='bbox 1419 2003 1582 2060; x_wconf 85' lang='lat' dir='ltr'>pariter</span> 
     </span>
    </p>
   </div>
   <div class='ocr_carea' id='block_1_6' title="bbox 8 2054 1582 2115">
    <p class='ocr_par' dir='ltr' id='par_1_6' title="bbox 8 2054 1582 2115">
     <span class='ocr_line' id='line_1_33' title="bbox 8 2054 1582 2115; baseline 0.001 -16"><span class='ocrx_word' id='word_1_293' title='bbox 8 2064 12 2074; x_wconf 83' lang='lat'><em>&#39;</em></span> <span class='ocrx_word' id='word_1_294' title='bbox 86 2062 131 2099; x_wconf 86' lang='lat' dir='ltr'>et</span> <span class='ocrx_word' id='word_1_295' title='bbox 166 2070 385 2114; x_wconf 82' lang='lat' dir='ltr'>regnasse,</span> <span class='ocrx_word' id='word_1_296' title='bbox 423 2062 472 2099; x_wconf 89' lang='lat' dir='ltr'>ut</span> <span class='ocrx_word' id='word_1_297' title='bbox 508 2054 670 2100; x_wconf 89' lang='lat' dir='ltr'>scilicet</span> <span class='ocrx_word' id='word_1_298' title='bbox 698 2056 931 2099; x_wconf 87' lang='lat' dir='ltr'>electorum</span> <span class='ocrx_word' id='word_1_299' title='bbox 959 2057 1043 2100; x_wconf 92' lang='lat' dir='ltr'>Dei</span> <span class='ocrx_word' id='word_1_300' title='bbox 1074 2058 1280 2115; x_wconf 88' lang='lat' dir='ltr'>patientia</span> <span class='ocrx_word' id='word_1_301' title='bbox 1309 2066 1582 2101; x_wconf 85' lang='lat' dir='ltr'>exerceretur</span> 
     </span>
    </p>
   </div>
   <div class='ocr_carea' id='block_1_7' title="bbox 85 2111 1718 2675">
    <p class='ocr_par' dir='ltr' id='par_1_7' title="bbox 86 2111 1582 2283">
     <span class='ocr_line' id='line_1_34' title="bbox 86 2111 1581 2171; baseline 0.001 -16"><span class='ocrx_word' id='word_1_302' title='bbox 86 2118 163 2155; x_wconf 85' lang='lat' dir='ltr'>aut</span> <span class='ocrx_word' id='word_1_303' title='bbox 180 2111 435 2170; x_wconf 80' lang='lat' dir='ltr'>probaretur</span> <span class='ocrx_word' id='word_1_304' title='bbox 453 2111 535 2155; x_wconf 92' lang='lat' dir='ltr'>sub</span> <span class='ocrx_word' id='word_1_305' title='bbox 556 2111 851 2155; x_wconf 86' lang='lat' dir='ltr'>crudelissimo</span> <span class='ocrx_word' id='word_1_306' title='bbox 871 2126 985 2168; x_wconf 89' lang='lat' dir='ltr'>rege,</span> <span class='ocrx_word' id='word_1_307' title='bbox 1011 2127 1139 2169; x_wconf 91' lang='lat' dir='ltr'>quem</span> <span class='ocrx_word' id='word_1_308' title='bbox 1159 2116 1287 2157; x_wconf 88' lang='lat' dir='ltr'>etiam</span> <span class='ocrx_word' id='word_1_309' title='bbox 1307 2114 1400 2171; x_wconf 90' lang='lat' dir='ltr'>ipse</span> <span class='ocrx_word' id='word_1_310' title='bbox 1422 2114 1581 2166; x_wconf 81' lang='lat' dir='ltr'>David,</span> 
     </span>
     <span class='ocr_line' id='line_1_35' title="bbox 87 2166 1582 2228; baseline 0.001 -16"><span class='ocrx_word' id='word_1_311' title='bbox 87 2166 247 2213; x_wconf 88' lang='lat' dir='ltr'>electus</span> <span class='ocrx_word' id='word_1_312' title='bbox 276 2182 303 2211; x_wconf 83' lang='lat' dir='ltr'>a</span> <span class='ocrx_word' id='word_1_313' title='bbox 331 2168 428 2211; x_wconf 91' lang='lat' dir='ltr'>Deo</span> <span class='ocrx_word' id='word_1_314' title='bbox 458 2168 502 2210; x_wconf 91' lang='lat' dir='ltr'>in</span> <span class='ocrx_word' id='word_1_315' title='bbox 530 2182 690 2225; x_wconf 88' lang='lat' dir='ltr'>regem,</span> <span class='ocrx_word' id='word_1_316' title='bbox 719 2168 1030 2225; x_wconf 84' lang='lat' dir='ltr'>patientissime</span> <span class='ocrx_word' id='word_1_317' title='bbox 1060 2169 1157 2212; x_wconf 89' lang='lat' dir='ltr'>tulit</span> <span class='ocrx_word' id='word_1_318' title='bbox 1186 2177 1229 2213; x_wconf 91' lang='lat' dir='ltr'>et</span> <span class='ocrx_word' id='word_1_319' title='bbox 1262 2184 1340 2227; x_wconf 89' lang='lat' dir='ltr'>pro</span> <span class='ocrx_word' id='word_1_320' title='bbox 1372 2184 1436 2224; x_wconf 91' lang='lat' dir='ltr'>eo,</span> <span class='ocrx_word' id='word_1_321' title='bbox 1466 2170 1582 2228; x_wconf 89' lang='lat' dir='ltr'>quod</span> 
     </span>
     <span class='ocr_line' id='line_1_36' title="bbox 86 2223 1581 2283; baseline 0.001 -15"><span class='ocrx_word' id='word_1_322' title='bbox 86 2229 202 2268; x_wconf 83' lang='lat' dir='ltr'>esset</span> <span class='ocrx_word' id='word_1_323' title='bbox 229 2223 414 2268; x_wconf 87' lang='lat' dir='ltr'>christus</span> <span class='ocrx_word' id='word_1_324' title='bbox 443 2224 635 2278; x_wconf 87' lang='lat' dir='ltr'>Domini,</span> <span class='ocrx_word' id='word_1_325' title='bbox 665 2225 808 2268; x_wconf 87' lang='lat' dir='ltr'>timuit</span> <span class='ocrx_word' id='word_1_326' title='bbox 836 2223 1045 2279; x_wconf 90' lang='lat' dir='ltr'>occidere,</span> <span class='ocrx_word' id='word_1_327' title='bbox 1085 2239 1183 2268; x_wconf 90' lang='lat' dir='ltr'>cum</span> <span class='ocrx_word' id='word_1_328' title='bbox 1214 2233 1360 2283; x_wconf 90' lang='lat' dir='ltr'>posset</span> <span class='ocrx_word' id='word_1_329' title='bbox 1389 2241 1486 2269; x_wconf 90' lang='lat' dir='ltr'>eum</span> <span class='ocrx_word' id='word_1_330' title='bbox 1517 2233 1581 2269; x_wconf 89' lang='lat' dir='ltr'>ut-</span> 
     </span>
    </p>

    <p class='ocr_par' dir='ltr' id='par_1_8' title="bbox 85 2280 1718 2564">
     <span class='ocr_line' id='line_1_37' title="bbox 85 2280 1581 2347; baseline 0.001 -22"><span class='ocrx_word' id='word_1_331' title='bbox 85 2287 188 2339; x_wconf 85' lang='lat' dir='ltr'>pote</span> <span class='ocrx_word' id='word_1_332' title='bbox 215 2287 534 2339; x_wconf 88' lang='lat' dir='ltr'>persecutorem</span> <span class='ocrx_word' id='word_1_333' title='bbox 560 2294 684 2323; x_wconf 88' lang='lat' dir='ltr'>suum</span> <span class='ocrx_word' id='word_1_334' title='bbox 705 2280 911 2334; x_wconf 90' lang='lat' dir='ltr'>occidere,</span> <span class='ocrx_word' id='word_1_335' title='bbox 942 2281 1015 2347; x_wconf 78' lang='lat' dir='ltr'>qui</span> <span class='ocrx_word' id='word_1_336' title='bbox 1041 2281 1085 2323; x_wconf 88' lang='lat' dir='ltr'>in</span> <span class='ocrx_word' id='word_1_337' title='bbox 1106 2281 1187 2324; x_wconf 89' lang='lat' dir='ltr'>hoc</span> <span class='ocrx_word' id='word_1_338' title='bbox 1208 2283 1337 2326; x_wconf 87' lang='lat' dir='ltr'>etiam</span> <span class='ocrx_word' id='word_1_339' title='bbox 1358 2283 1581 2339; x_wconf 89' lang='lat' dir='ltr'>poenituit,</span> 
     </span>
     <span class='ocr_line' id='line_1_38' title="bbox 85 2335 1581 2396; baseline 0.001 -16"><span class='ocrx_word' id='word_1_340' title='bbox 85 2336 203 2395; x_wconf 85' lang='lat' dir='ltr'>quod</span> <span class='ocrx_word' id='word_1_341' title='bbox 236 2336 307 2380; x_wconf 84' lang='lat' dir='ltr'>vel</span> <span class='ocrx_word' id='word_1_342' title='bbox 336 2337 626 2380; x_wconf 86' lang='lat' dir='ltr'>summitatem</span> <span class='ocrx_word' id='word_1_343' title='bbox 655 2335 893 2394; x_wconf 84' lang='lat' dir='ltr'>chlamydis</span> <span class='ocrx_word' id='word_1_344' title='bbox 932 2350 1023 2379; x_wconf 76' lang='lat' dir='ltr'>exus</span> <span class='ocrx_word' id='word_1_345' title='bbox 1051 2337 1304 2381; x_wconf 83' lang='lat' dir='ltr'>abscindere</span> <span class='ocrx_word' id='word_1_346' title='bbox 1332 2353 1581 2396; x_wconf 85' lang='lat' dir='ltr'>praesump-</span> 
     </span>
     <span class='ocr_line' id='line_1_39' title="bbox 86 2387 1718 2454; baseline 0.001 -18"><span class='ocrx_word' id='word_1_347' title='bbox 86 2393 202 2437; x_wconf 80' lang='lat' dir='ltr'>serit.</span> <span class='ocrx_word' id='word_1_348' title='bbox 260 2393 364 2437; x_wconf 89' lang='lat' dir='ltr'>Saul</span> <span class='ocrx_word' id='word_1_349' title='bbox 390 2407 495 2437; x_wconf 87' lang='lat' dir='ltr'>vero</span> <span class='ocrx_word' id='word_1_350' title='bbox 531 2392 588 2436; x_wconf 85' lang='lat'>85</span> <span class='ocrx_word' id='word_1_351' title='bbox 622 2392 866 2436; x_wconf 85' lang='lat' dir='ltr'>sacerdotes</span> <span class='ocrx_word' id='word_1_352' title='bbox 895 2392 1073 2435; x_wconf 92' lang='lat' dir='ltr'>Domini</span> <span class='ocrx_word' id='word_1_353' title='bbox 1111 2408 1198 2436; x_wconf 84' lang='lat' dir='ltr'>una</span> <span class='ocrx_word' id='word_1_354' title='bbox 1232 2393 1302 2437; x_wconf 92' lang='lat' dir='ltr'>die</span> <span class='ocrx_word' id='word_1_355' title='bbox 1332 2394 1502 2449; x_wconf 87' lang='lat' dir='ltr'>occidit,</span> <span class='ocrx_word' id='word_1_356' title='bbox 1538 2402 1581 2439; x_wconf 88' lang='lat' dir='ltr'>et</span> <span class='ocrx_word' id='word_1_357' title='bbox 1598 2387 1718 2454; x_wconf 47' lang='lat'>22⁸2}</span> 
     </span>
     <span class='ocr_line' id='line_1_40' title="bbox 86 2446 1650 2507; baseline 0 -14"><span class='ocrx_word' id='word_1_358' title='bbox 86 2454 231 2493; x_wconf 74' lang='lat' dir='ltr'>tamen</span> <span class='ocrx_word' id='word_1_359' title='bbox 258 2464 371 2503; x_wconf 89' lang='lat' dir='ltr'>eum,</span> <span class='ocrx_word' id='word_1_360' title='bbox 401 2449 476 2507; x_wconf 92' lang='lat' dir='ltr'>qui</span> <span class='ocrx_word' id='word_1_361' title='bbox 496 2448 707 2492; x_wconf 90' lang='lat' dir='ltr'>eiusmodi</span> <span class='ocrx_word' id='word_1_362' title='bbox 727 2456 830 2502; x_wconf 87' lang='lat' dir='ltr'>erat,</span> <span class='ocrx_word' id='word_1_363' title='bbox 861 2449 1067 2506; x_wconf 85' lang='lat' dir='ltr'>patientia</span> <span class='ocrx_word' id='word_1_364' title='bbox 1092 2456 1336 2493; x_wconf 84' lang='lat' dir='ltr'>sanctorum</span> <span class='ocrx_word' id='word_1_365' title='bbox 1366 2451 1580 2494; x_wconf 87' lang='lat' dir='ltr'>sustinuit.</span> <span class='ocrx_word' id='word_1_366' title='bbox 1642 2446 1650 2461; x_wconf 90' lang='lat'><em>&#39;</em></span> 
     </span>
     <span class='ocr_line' id='line_1_41' title="bbox 89 2504 1581 2564; baseline 0.001 -16"><span class='ocrx_word' id='word_1_367' title='bbox 89 2504 177 2548; x_wconf 88' lang='lat' dir='ltr'>Sed</span> <span class='ocrx_word' id='word_1_368' title='bbox 204 2504 450 2549; x_wconf 88' lang='lat' dir='ltr'>Henrichus</span> <span class='ocrx_word' id='word_1_369' title='bbox 479 2520 570 2560; x_wconf 72' lang='lat' dir='ltr'>reX,</span> <span class='ocrx_word' id='word_1_370' title='bbox 605 2505 711 2548; x_wconf 87' lang='lat' dir='ltr'>nihil</span> <span class='ocrx_word' id='word_1_371' title='bbox 741 2505 890 2547; x_wconf 90' lang='lat' dir='ltr'>horum</span> <span class='ocrx_word' id='word_1_372' title='bbox 920 2505 1096 2560; x_wconf 87' lang='lat' dir='ltr'>faciens,</span> <span class='ocrx_word' id='word_1_373' title='bbox 1126 2505 1201 2549; x_wconf 90' lang='lat' dir='ltr'>sed</span> <span class='ocrx_word' id='word_1_374' title='bbox 1231 2507 1447 2564; x_wconf 89' lang='lat' dir='ltr'>episcopis</span> <span class='ocrx_word' id='word_1_375' title='bbox 1477 2506 1581 2550; x_wconf 89' lang='lat' dir='ltr'>libe·</span> 
     </span>
    </p>

    <p class='ocr_par' dir='ltr' id='par_1_9' title="bbox 86 2561 1582 2675">
     <span class='ocr_line' id='line_1_42' title="bbox 86 2561 1582 2629; baseline 0.001 -25"><span class='ocrx_word' id='word_1_376' title='bbox 86 2575 181 2604; x_wconf 85' lang='lat' dir='ltr'>ram</span> <span class='ocrx_word' id='word_1_377' title='bbox 209 2561 574 2620; x_wconf 84' lang='lat' dir='ltr'>disponendarum</span> <span class='ocrx_word' id='word_1_378' title='bbox 595 2561 872 2605; x_wconf 86' lang='lat' dir='ltr'>ecclesiarum</span> <span class='ocrx_word' id='word_1_379' title='bbox 901 2567 1156 2618; x_wconf 86' lang='lat' dir='ltr'>potestatem</span> <span class='ocrx_word' id='word_1_380' title='bbox 1218 2562 1449 2617; x_wconf 89' lang='lat' dir='ltr'>ermittens,</span> <span class='ocrx_word' id='word_1_381' title='bbox 1480 2563 1582 2629; x_wconf 82' lang='lat' dir='ltr'>quia</span> 
     </span>
     <span class='ocr_line' id='line_1_43' title="bbox 87 2615 1581 2675; baseline 0 -15"><span class='ocrx_word' id='word_1_382' title='bbox 87 2615 225 2661; x_wconf 87' lang='lat' dir='ltr'>noluit</span> <span class='ocrx_word' id='word_1_383' title='bbox 260 2618 306 2661; x_wconf 89' lang='lat' dir='ltr'>in</span> <span class='ocrx_word' id='word_1_384' title='bbox 341 2632 495 2661; x_wconf 86' lang='lat' dir='ltr'>manus</span> <span class='ocrx_word' id='word_1_385' title='bbox 535 2617 806 2661; x_wconf 88' lang='lat' dir='ltr'>Hildebranti</span> <span class='ocrx_word' id='word_1_386' title='bbox 849 2631 988 2674; x_wconf 88' lang='lat' dir='ltr'>papae</span> <span class='ocrx_word' id='word_1_387' title='bbox 1027 2632 1105 2675; x_wconf 90' lang='lat' dir='ltr'>pro</span> <span class='ocrx_word' id='word_1_388' title='bbox 1142 2632 1195 2661; x_wconf 89' lang='lat' dir='ltr'>vo</span> <span class='ocrx_word' id='word_1_389' title='bbox 1213 2626 1359 2662; x_wconf 84' lang='lat' dir='ltr'>untate</span> <span class='ocrx_word' id='word_1_390' title='bbox 1396 2618 1581 2661; x_wconf 81' lang='lat' dir='ltr'>hostium</span> 
     </span>
    </p>
   </div>
   <div class='ocr_carea' id='block_1_8' title="bbox 20 2673 1581 2731">
    <p class='ocr_par' dir='ltr' id='par_1_10' title="bbox 20 2673 1581 2731">
     <span class='ocr_line' id='line_1_44' title="bbox 20 2673 1581 2731; baseline 0.001 -16"><span class='ocrx_word' id='word_1_391' title='bbox 20 2712 23 2714; x_wconf 91' lang='lat'>.</span> <span class='ocrx_word' id='word_1_392' title='bbox 88 2686 264 2717; x_wconf 84' lang='lat' dir='ltr'>suorum</span> <span class='ocrx_word' id='word_1_393' title='bbox 299 2673 468 2717; x_wconf 86' lang='lat' dir='ltr'>tradere</span> <span class='ocrx_word' id='word_1_394' title='bbox 502 2676 664 2730; x_wconf 87' lang='lat' dir='ltr'>regiam</span> <span class='ocrx_word' id='word_1_395' title='bbox 702 2679 957 2731; x_wconf 82' lang='lat' dir='ltr'>potestatem</span> <span class='ocrx_word' id='word_1_396' title='bbox 995 2681 1038 2716; x_wconf 86' lang='lat' dir='ltr'>et</span> <span class='ocrx_word' id='word_1_397' title='bbox 1073 2673 1275 2718; x_wconf 89' lang='lat' dir='ltr'>honorem</span> <span class='ocrx_word' id='word_1_398' title='bbox 1321 2682 1364 2718; x_wconf 91' lang='lat' dir='ltr'>et</span> <span class='ocrx_word' id='word_1_399' title='bbox 1400 2689 1581 2731; x_wconf 90' lang='lat' dir='ltr'>regnum</span> 
     </span>
    </p>
   </div>
   <div class='ocr_carea' id='block_1_9' title="bbox 89 2727 1580 2843">
    <p class='ocr_par' dir='ltr' id='par_1_11' title="bbox 89 2727 1580 2843">
     <span class='ocr_line' id='line_1_45' title="bbox 90 2727 1579 2787; baseline -0.001 -15"><span class='ocrx_word' id='word_1_400' title='bbox 90 2743 228 2784; x_wconf 87' lang='lat' dir='ltr'>suum,</span> <span class='ocrx_word' id='word_1_401' title='bbox 267 2729 364 2773; x_wconf 88' lang='lat' dir='ltr'>ideo</span> <span class='ocrx_word' id='word_1_402' title='bbox 402 2729 603 2773; x_wconf 89' lang='lat' dir='ltr'>scribitur</span> <span class='ocrx_word' id='word_1_403' title='bbox 632 2731 783 2773; x_wconf 88' lang='lat' dir='ltr'>merito</span> <span class='ocrx_word' id='word_1_404' title='bbox 813 2744 891 2787; x_wconf 93' lang='lat' dir='ltr'>pro</span> <span class='ocrx_word' id='word_1_405' title='bbox 924 2727 1216 2773; x_wconf 87' lang='lat' dir='ltr'>inobedientia</span> <span class='ocrx_word' id='word_1_406' title='bbox 1245 2745 1323 2773; x_wconf 77' lang='lat' dir='ltr'>sua</span> <span class='ocrx_word' id='word_1_407' title='bbox 1352 2731 1579 2773; x_wconf 84' lang='lat' dir='ltr'>damnatus</span> 
     </span>
     <span class='ocr_line' id='line_1_46' title="bbox 89 2785 1580 2843; baseline -0.001 -15"><span class='ocrx_word' id='word_1_408' title='bbox 89 2799 197 2840; x_wconf 88' lang='lat' dir='ltr'>esse,</span> <span class='ocrx_word' id='word_1_409' title='bbox 226 2786 347 2843; x_wconf 84' lang='lat' dir='ltr'>quasi</span> <span class='ocrx_word' id='word_1_410' title='bbox 377 2800 454 2842; x_wconf 89' lang='lat' dir='ltr'>per</span> <span class='ocrx_word' id='word_1_411' title='bbox 482 2786 564 2829; x_wconf 91' lang='lat' dir='ltr'>hoc</span> <span class='ocrx_word' id='word_1_412' title='bbox 583 2785 766 2829; x_wconf 85' lang='lat' dir='ltr'>voluerit</span> <span class='ocrx_word' id='word_1_413' title='bbox 794 2787 861 2828; x_wconf 91' lang='lat' dir='ltr'>ius</span> <span class='ocrx_word' id='word_1_414' title='bbox 890 2785 1154 2829; x_wconf 84' lang='lat' dir='ltr'>sacerdotale</span> <span class='ocrx_word' id='word_1_415' title='bbox 1185 2786 1266 2829; x_wconf 88' lang='lat' dir='ltr'>sibi</span> <span class='ocrx_word' id='word_1_416' title='bbox 1297 2786 1580 2829; x_wconf 87' lang='lat' dir='ltr'>substernere.</span> 
     </span>
    </p>
   </div>
   <div class='ocr_carea' id='block_1_10' title="bbox 89 2899 1579 2995">
    <p class='ocr_par' dir='ltr' id='par_1_12' title="bbox 89 2899 1579 2995">
     <span class='ocr_line' id='line_1_47' title="bbox 91 2899 1579 2946; baseline 0 -13"><span class='ocrx_word' id='word_1_417' title='bbox 91 2899 130 2943; x_wconf 86' lang='lat'>1)</span> <span class='ocrx_word' id='word_1_418' title='bbox 156 2900 319 2946; x_wconf 80' lang='lat' dir='ltr'>Gregorii</span> <span class='ocrx_word' id='word_1_419' title='bbox 345 2902 465 2945; x_wconf 80' lang='lat' dir='ltr'>Opera</span> <span class='ocrx_word' id='word_1_420' title='bbox 490 2901 555 2941; x_wconf 81' lang='lat' dir='ltr'>lv,</span> <span class='ocrx_word' id='word_1_421' title='bbox 581 2913 616 2946; x_wconf 86' lang='lat' dir='ltr'>p.</span> <span class='ocrx_word' id='word_1_422' title='bbox 635 2901 694 2934; x_wconf 88' lang='grc'>82.</span> <span class='ocrx_word' id='word_1_423' title='bbox 771 2901 808 2943; x_wconf 87' lang='grc'>2)</span> <span class='ocrx_word' id='word_1_424' title='bbox 834 2900 1069 2935; x_wconf 78' lang='lat' dir='ltr'>Adversarius</span> <span class='ocrx_word' id='word_1_425' title='bbox 1095 2901 1245 2936; x_wconf 78' lang='lat' dir='ltr'>fortasse</span> <span class='ocrx_word' id='word_1_426' title='bbox 1271 2902 1308 2935; x_wconf 84' lang='lat' dir='ltr'>in</span> <span class='ocrx_word' id='word_1_427' title='bbox 1336 2905 1452 2935; x_wconf 85' lang='lat' dir='ltr'>mente</span> <span class='ocrx_word' id='word_1_428' title='bbox 1471 2900 1579 2934; x_wconf 83' lang='lat' dir='ltr'>habe·</span> 
     </span>
     <span class='ocr_line' id='line_1_48' title="bbox 89 2949 746 2995; baseline -0.002 -11"><span class='ocrx_word' id='word_1_429' title='bbox 89 2949 154 2984; x_wconf 76' lang='lat' dir='ltr'>bat</span> <span class='ocrx_word' id='word_1_430' title='bbox 179 2950 289 2984; x_wconf 80' lang='lat' dir='ltr'>verba</span> <span class='ocrx_word' id='word_1_431' title='bbox 315 2949 479 2993; x_wconf 77' lang='lat' dir='ltr'>Gregorii</span> <span class='ocrx_word' id='word_1_432' title='bbox 506 2950 558 2992; x_wconf 87' lang='lat'>11,</span> <span class='ocrx_word' id='word_1_433' title='bbox 583 2961 619 2995; x_wconf 91' lang='lat' dir='ltr'>p.</span> <span class='ocrx_word' id='word_1_434' title='bbox 641 2949 746 2983; x_wconf 82' lang='grc'><strong>1223.</strong></span> 
     </span>
    </p>
   </div>
  </div>
 </body>
</html>
