1878 3308
309 292 355 324 96
571 294 637 326 DE
664 293 874 326 UNITATE
902 293 1172 327 ECCLESIAE
1201 293 1571 328 CONSERVANDA.

307 404 504 447 adiuvari
542 405 708 459 debet¹‚
746 406 859 448 sicut
888 405 1001 448 Le0²
1037 419 1152 461 papa
1187 404 1323 456 docet,
1355 406 1455 462 quia
1483 406 1682 448 timentes
1712 418 1805 447 cor·

341 460 455 503 orale
493 461 699 503 iudicium
739 476 1047 519 nonnunquam
1087 461 1142 503 ad
1180 460 1372 517 spiritale
1410 467 1634 504 recurrunt
1671 475 1806 504 reme-

307 476 441 560 dium.
490 517 576 559 Sed
606 525 653 560 ut
681 519 841 574 passim
873 519 1016 560 omnia
1043 516 1160 559 licito
1192 519 1308 571 fiant,
1338 518 1422 573 ipsi
1441 517 1647 560 adversae
1667 518 1804 574 partis

308 574 501 630 episcopi
543 575 707 630 regiam
752 580 1022 631 potestatem,
1071 574 1202 616 immo
1252 573 1442 615 divinam
1492 573 1804 616 ordinationem

307 637 498 672 evertere
535 639 701 686 parant,
739 645 835 673 eum
876 630 928 673 de
967 629 1033 672 his
1073 645 1256 686 quoque,
1297 631 1371 686 qui
1405 635 1505 686 post
1540 630 1803 686 baptismum

306 692 382 729 aut
416 692 630 729 tormenta
667 685 758 729 sola
796 694 1079 729 exercuerunt
1118 694 1193 729 aut
1221 687 1350 728 etiam
1381 685 1608 743 capitalem
1638 692 1803 729 senten-

306 742 409 784 tiam
442 742 720 798 protulerunt,
752 743 814 785 sic
844 742 991 785 scribit
1011 750 1184 785 sanctus
1204 757 1318 799 papa
1337 742 1654 796 Innocentius⁸‚
1686 742 1803 799 quod

307 798 360 840 de
403 799 509 854 ipsis
553 798 658 840 nihil
701 799 923 841 definitum
969 799 1023 841 sit
1060 814 1087 841 a
1122 799 1368 841 maioribus.
1426 809 1663 843 Meminerant
1698 807 1802 851 enim,

306 854 460 910 inquit,
478 877 501 898 a
516 865 590 899 Deo
598 870 790 909 potestates
808 865 996 909 hasfuisse
1014 876 1194 898 concessas
1208 869 1240 899 et
1248 869 1398 908 propter
1410 864 1602 898 vindictam
1614 863 1803 897 noxiorum

304 914 467 959 gladium
477 914 600 957 faisse
613 914 824 957 permissum
842 918 873 948 et
889 913 961 947 Dei
977 913 1176 947 ministrum
1195 925 1267 948 esse
1292 914 1417 947 datum
1440 912 1480 947 in
1504 912 1708 946 huiusmodi
1725 912 1801 946 vin-

306 963 428 998 dicem.
469 963 650 1003 Quomodo
676 974 757 1008 eryo
783 963 1076 1006 reprehenderent
1092 963 1248 1006 factum,
1275 963 1369 1006 quod
1388 967 1530 996 auctore
1546 961 1623 995 Deo
1641 961 1802 996 viderent

307 1028 379 1051 esse
406 1018 630 1051 concessum?
666 1017 723 1051 De
741 1017 796 1051 Ιιίε
815 1029 907 1063 erqo,
934 1009 1086 1064 inquit,
1116 1024 1155 1051 ul
1177 1018 1345 1051 kactenus
1367 1023 1545 1051 servatum
1563 1015 1676 1058 eet,8ic
1694 1016 1800 1050 habe-

305 1077 393 1106 mus,
421 1078 465 1100 ne
491 1070 554 1099 aut
579 1067 804 1110 disciplinam
830 1072 982 1102 evertere
1009 1073 1071 1101 aut
1098 1071 1219 1101 contra
1246 1066 1490 1100 auctoritatem
1508 1065 1657 1099 Domini
1682 1063 1801 1100 venire

305 1114 504 1158 videamur,
522 1115 610 1159 quia
625 1115 714 1159 ipsis
732 1116 770 1149 in
786 1117 960 1150 racionem
977 1117 1197 1150 reddendam
1213 1120 1313 1160 qesta
1330 1127 1399 1148 sua
1415 1114 1535 1148 omnia
1551 1113 1800 1149 servabuntm.

419 1161 486 1202 28.
545 1160 604 1203 At
642 1168 902 1203 memoratus
940 1161 1010 1203 ille
1053 1161 1253 1217 Hartvig,
1298 1166 1346 1202 ut
1388 1167 1599 1203 everteret
1635 1160 1801 1215 regiam
1845 1189 1847 1191 ·

304 1222 574 1272 potestatem,
603 1217 735 1259 immo
764 1216 955 1259 divinam
985 1217 1310 1269 ordinationem,
1341 1215 1540 1259 militavit
1575 1229 1673 1258 cum
1710 1215 1801 1257 suis

306 1273 576 1315 consortibus
613 1273 827 1329 episcopis
863 1288 940 1330 per
975 1273 1133 1316 multas
1169 1273 1466 1329 expeditiones
1501 1278 1651 1314 contra
1685 1271 1802 1314 Hen-

304 1328 472 1370 richum
510 1343 671 1385 regem,
713 1343 894 1386 quarum
933 1329 1049 1371 nulla
1088 1331 1226 1385 magis
1263 1328 1319 1370 ad
1356 1329 1502 1371 vivum
1542 1342 1620 1370 nos
1649 1328 1802 1384 tetigit,

307 1398 436 1483 guam
480 1384 565 1438 illa,
609 1386 781 1441 quando
824 1385 880 1428 ad
915 1384 1060 1428 locum
1096 1384 1393 1428 Herosfeldiae
1436 1385 1582 1442 posuit
1617 1389 1802 1427 casti-22⁴.

340 1439 563 1497 pecialiter
596 1441 709 1483 enim
748 1442 842 1498 ipse
880 1457 983 1498 prae
1013 1442 1166 1486 ceteris
1206 1441 1451 1484 saxonibus
1486 1441 1586 1483 odio
1616 1439 1803 1483 habebat

307 1496 490 1539 eundem
535 1498 678 1539 locum
723 1498 1032 1553 Herosfeldiae,
1076 1498 1261 1555 ideoque
1305 1497 1520 1540 civitatem
1568 1503 1611 1539 et
1653 1502 1802 1539 sancta

304 1560 475 1595 nostra⁵
506 1554 738 1610 quaerebat
766 1555 964 1598 omnibus
993 1554 1131 1597 modis
1153 1554 1388 1608 destruere3
1418 1568 1518 1595 nam
1537 1551 1671 1596 abbas
1692 1553 1803 1595 eius-

306 1609 403 1651 dem
433 1608 529 1662 loci,
559 1609 699 1652 dictus
730 1624 902 1666 quoque
940 1617 982 1653 et
1019 1611 1113 1667 ipse
1144 1610 1397 1666 Hartvigus,
1436 1614 1702 1652 successerat
1737 1607 1800 1650 illi

305 1664 507 1707 damnato
537 1672 580 1708 et
609 1665 804 1721 deposito
834 1668 879 1707 in
906 1667 1203 1723 episcopatum
1224 1665 1640 1721 Magadaburgensis
1670 1663 1802 1707 eccle-

305 1721 406 1773 siae,
435 1722 692 1777 imperatore
723 1728 765 1763 et
786 1723 938 1765 ceteris
967 1721 1238 1778 principibus
1269 1722 1394 1777 regni
1422 1720 1652 1777 plurimum
1682 1720 1801 1762 anni-

303 1776 492 1819 tentibus
522 1792 652 1834 super
680 1776 886 1820 electione
917 1779 1009 1820 eius
1034 1786 1076 1821 et
1097 1777 1377 1831 ordinatione,
1409 1777 1610 1834 quoniam
1631 1783 1802 1833 praeter
1847 1803 1850 1806 ·

303 1832 362 1886 id,
403 1833 519 1889 quod
557 1833 752 1889 adprime
789 1834 1025 1877 instructus
1064 1841 1106 1877 et
1135 1833 1326 1877 eruditus
1357 1838 1423 1876 est
1449 1840 1536 1876 tam
1566 1831 1800 1875 moralibus

305 1887 546 1945 disciplinis
586 1904 712 1946 quam
754 1892 887 1932 sacris
926 1891 1161 1946 scripturis,
1202 1890 1247 1932 in
1276 1889 1358 1932 hoc
1388 1904 1559 1946 quoque
1587 1890 1682 1945 ipse
1713 1889 1801 1946 pla-

305 1952 453 1987 cuerat
482 1946 547 1999 iis,
579 1947 682 2010 quia
710 1945 768 1999 id,
800 1945 916 2003 quod
945 1947 1178 2002 imperator
1206 1961 1294 1988 non
1322 1946 1464 2002 potuit
1500 1945 1670 1988 efficere
1698 1946 1800 1987 totis

304 2000 468 2043 viribus
491 2017 626 2057 regm,
655 2001 737 2044 hoc
757 2003 851 2058 ipse
870 2003 1050 2059 perfecit
1069 2018 1125 2045 ex
1144 2003 1354 2044 industria
1373 2002 1576 2058 sapientis
1596 2001 1758 2057 ingenii
1771 2008 1801 2056 ⁶,

304 2055 469 2099 scilicet
507 2065 555 2099 ut
594 2057 859 2101 divideretur
894 2060 1035 2101 unitas
1070 2073 1382 2115 perversorum,
1414 2072 1512 2100 cum
1541 2072 1626 2100 non
1657 2063 1803 2114 posset

303 2127 382 2169 per
418 2113 690 2170 disciplinam
727 2115 788 2157 rei
825 2114 1021 2157 militaris
1060 2114 1240 2156 emolliri
1279 2115 1438 2157 duritia
1473 2114 1695 2157 Saxonum
1730 2113 1801 2157 vel

303 2169 491 2211 rescindi
537 2171 722 2213 societas
767 2170 1100 2227 Thuringorum,
1162 2171 1284 2213 Sicut
1327 2172 1441 2213 enim
1485 2185 1578 2213 esse
1621 2169 1800 2212 noxium

304 2225 424 2280 solet,
455 2227 490 2267 si
518 2227 661 2268 unitas
690 2227 801 2269 desit
829 2227 966 2282 bonis,
995 2229 1056 2270 ita
1086 2228 1373 2283 perniciosum
1403 2232 1480 2280 est,
1509 2227 1545 2268 si
1574 2241 1660 2268 non
1689 2225 1802 2268 desit

304 2281 441 2323 malis.
500 2283 730 2325 Perversos
761 2284 922 2340 quippe
951 2284 1092 2326 unitas
1123 2284 1382 2337 corroborat,
1421 2282 1524 2325 dum
1554 2281 1802 2336 coneordat,

305 2344 346 2379 et
374 2344 491 2380 tanto
521 2340 660 2395 magis
698 2338 1027 2395 incorrigibileS,
1059 2346 1218 2396 quanto
1249 2340 1473 2381 unanimes
1501 2338 1616 2381 facit.
1674 2337 1801 2382 Unde

308 2438 345 2482 1)
379 2440 447 2472 His
479 2441 598 2474 verbis
631 2442 776 2473 nimiam
810 2441 1070 2483 indulgentiam
1099 2445 1134 2474 et
1159 2441 1346 2474 lenitatem
1373 2441 1597 2484 imperatoris
1625 2451 1711 2483 erga
1738 2451 1798 2474 eos

306 2489 506 2532 episcopos,
535 2491 596 2532 qui
622 2490 759 2532 synodo
784 2490 998 2532 Moguntina
1025 2490 1182 2522 damnati
1210 2494 1320 2530 erant,
1348 2489 1588 2533 reprehendit.
1676 2487 1716 2533 2)
1744 2489 1798 2523 Of.

303 2537 415 2569 verba
433 2538 585 2570 Leonis:
617 2537 742 2571 Omnes
758 2549 814 2571 res
833 2542 929 2571 tutae
947 2549 1020 2571 esse
1045 2550 1115 2571 non
1127 2544 1280 2582 possunt
1306 2542 1373 2571 etc.
1402 2538 1425 2571 l.
1442 2538 1472 2579 I,
1493 2549 1524 2571 c.
1539 2539 1573 2571 3.
1642 2537 1681 2581 3)
1707 2539 1798 2572 Hin-
1865 2564 1870 2571 .

305 2585 425 2618 schius
462 2598 494 2628 p.
523 2586 607 2619 531.
707 2586 746 2629 4)
772 2587 896 2620 Mense
922 2587 1084 2629 Augusto
1117 2599 1148 2621 a.
1179 2587 1292 2620 1086:
1324 2586 1476 2627 Quando
1496 2591 1736 2630 porrexerunt
1759 2585 1799 2620 im

304 2634 510 2667 orientalem
533 2634 724 2667 Franciam
753 2635 801 2667 ad
820 2636 1045 2677 patrandum
1070 2636 1162 2669 illud
1188 2635 1283 2669 circa
1303 2636 1513 2680 'Wirlzibury
1536 2646 1688 2679 magnae
1711 2635 1799 2670 occi—

305 2682 414 2715 sionis
439 2683 551 2715 scelus
579 2682 626 2726 (e.
647 2683 722 2726 31).
799 2683 837 2726 5)
866 2685 907 2717 V.
935 2686 1046 2727 praef.
1074 2697 1107 2727 p.
1127 2686 1190 2717 XI.
1269 2684 1308 2727 6)
1335 2686 1420 2718 Post
1445 2685 1619 2727 synodum
1645 2685 1796 2727 Mogun-

303 2732 499 2764 tiacensem
540 2735 576 2764 et
614 2736 694 2775 post
734 2737 946 2765 conventum
985 2734 1020 2765 in
1056 2733 1136 2766 loeo
1165 2734 1391 2776 Gerstungen
1424 2738 1542 2767 actum
1576 2734 1639 2774 (ef.
1673 2744 1704 2766 c.
1734 2731 1797 2776 19)

304 2791 436 2822 magna
463 2782 691 2814 commutatio
718 2781 938 2814 voluntatum
965 2782 1059 2825 apud
1080 2783 1240 2816 Saxones
1266 2784 1362 2816 facta
1390 2787 1454 2821 est,
1482 2793 1573 2826 quae
1595 2793 1666 2815 non
1684 2781 1799 2816 solum

304 2840 368 2872 per
386 2829 551 2861 abbatem
573 2826 835 2868 Herosfeldiae,
854 2831 918 2863 sed
938 2833 1043 2863 etiam
1063 2842 1127 2874 per
1141 2831 1304 2865 Udonem
1323 2832 1701 2864 Hildinisheimensem
1722 2831 1796 2874 epi-

305 2889 463 2921 scopum,
491 2878 535 2910 de
563 2889 631 2921 quo
658 2890 766 2922 supra
793 2890 824 2911 c.
854 2879 909 2920 19,
938 2880 1067 2912 effecta
1093 2884 1158 2913 est.
1212 2881 1265 2914 Cf.
1294 2882 1387 2913 Ann.
1410 2880 1579 2922 Magdeh.
1608 2880 1671 2913 SS.
1698 2879 1798 2920 XVI,
1863 2888 1867 2891 ·

304 2938 338 2969 p.
369 2926 455 2959 177:
492 2926 635 2960 Videres
669 2933 751 2961 tunc
786 2927 947 2970 temporis
970 2927 1108 2970 faciem
1142 2928 1324 2963 saxoniae
1358 2928 1634 2962 irrevocabiliter
1668 2928 1798 2961 altera-

305 2980 396 3015 tam;
422 2976 595 3009 Bernoldi
623 2976 704 3010 Chr.
733 2977 812 3019 (SS.
835 2977 878 3019 V,
906 2988 943 3020 p.
970 2976 1078 3021 444);
1104 2978 1247 3012 Ekkeh.
1276 2978 1359 3012 Chr.
1389 2978 1468 3018 (SS.
1487 2977 1551 3019 VI,
1578 2989 1613 3020 p.
1643 2975 1742 3021 205).
