1878 3308
325 242 394 277 DE
421 242 632 276 UNITATE
658 242 934 279 EOCLESIAE
962 244 1334 282 CONSERVANDA.
1549 250 1594 282 55

97 354 265 398 occisus
302 361 379 409 est,
421 355 618 411 proximo
658 354 813 398 dehine
850 370 962 398 anno
1002 363 1180 422 uterque
1218 356 1352 412 locus,
1394 360 1468 416 qui
1504 367 1596 404 erat
1611 378 1698 406 1081.

95 410 315 468 particeps
353 417 398 454 et
435 409 655 453 electionis
695 418 736 454 et
776 411 1055 458 ordinationis
1091 427 1195 467 elus,
1231 429 1287 456 ex
1316 414 1403 457 Dei
1433 415 1594 459 iudicio

94 467 339 524 perignem
367 473 649 524 consumptus
679 474 754 510 est.
799 468 909 510 Nam
941 483 1049 526 opus
1078 468 1181 511 illud
1213 471 1458 526 speciosum
1480 472 1594 515 Hen-

96 521 206 566 richi
233 522 349 580 regis
378 523 554 565 secundi
585 530 628 566 et
657 524 714 565 im
749 525 926 566 eratoris
955 525 1097 581 primi,
1127 524 1288 568 scilieet
1318 525 1592 585 Babenberg‚
1640 546 1642 549 >

94 579 142 621 in
176 578 298 622 cuius
333 580 553 636 episcopio
589 579 658 622 ille
687 586 846 623 eectus
876 587 951 634 est,
984 581 999 622 i
1032 581 1098 623 nis
1129 596 1307 624 consum
1342 583 1397 625 sit
1424 583 1469 624 in
1498 584 1593 627 sab-

94 634 197 678 bato
226 642 376 679 sancto
406 650 579 701 pascae,
610 643 740 692 caput
767 642 911 679 autem
943 636 1011 679 Ga
1029 636 1110 679 liae
1138 644 1269 695 atque
1343 640 1559 682 ermaniae
1577 648 1588 670 ¹
1605 654 1722 687 Amas.

92 690 362 749 Moguntiam
383 690 578 735 similiter
595 693 708 748 ignis
728 693 995 749 consumpsit
1013 692 1124 735 infra
1143 700 1418 750 pentecosten
1438 695 1589 739 eodem
1604 711 1668 738 Mal
1680 712 1728 739 2⁸.

93 760 220 800 anno,
241 747 316 806 qui
335 753 437 790 tunc
457 755 549 791 erat
571 749 712 791 1081.ι
740 749 1047 791 incarnationis
1068 749 1324 794 dominicae.
1372 752 1455 794 Ubi
1473 768 1591 795 nunc
1606 767 1812 803 1.s2m.8,5.

94 809 168 858 est,
189 803 343 858 Israel,
372 819 451 847 rea:
480 804 612 847 tuus?
642 803 746 847 dicit
765 804 992 859 Dominus,
1023 811 1062 848 et
1088 806 1164 849 ubi
1182 814 1282 849 sunt
1301 807 1470 850 iudices
1496 808 1590 851 tui?

96 875 208 917 quae
251 860 432 903 diaeieti:
477 860 554 903 Da
596 861 708 903 mihi
749 875 892 918 reyem
936 868 974 903 et
996 863 1242 919 principes,
1302 863 1401 919 Ipsi
1429 867 1591 921 quippe
1605 880 1685 908 om
1698 881 1767 914 8,4.

94 922 403 974 regnaverunt,
447 923 486 959 et
527 932 616 959 non
661 931 715 959 eae
757 933 822 960 me
858 919 1092 974 principes
1135 920 1382 973 asstiterant,
1423 927 1460 962 el
1502 935 1591 963 non

93 973 292 1030 coqnovi,
322 970 429 1016 dicit
455 971 669 1015 Dominus
699 974 982 1016 exercituum.

210 1027 276 1071 10.
334 1029 517 1072 Peracta
543 1043 661 1083 vero,
693 1031 806 1073 sicut
834 1029 996 1072 dictum
1026 1037 1104 1084 est,
1135 1030 1304 1073 Rudolfi
1332 1045 1378 1074 re
1412 1032 1447 1073 is
1484 1030 1592 1074 elec-

92 1084 210 1128 tione
237 1084 401 1142 pariter
429 1091 472 1128 et
500 1084 766 1128 ordinatione
797 1101 872 1142 per
901 1086 1139 1143 episcopos,
1179 1086 1233 1129 de
1264 1086 1381 1144 quali
1414 1094 1456 1130 et
1485 1088 1592 1130 dicit

92 1155 172 1198 per
198 1140 455 1198 prophetam
476 1140 709 1184 Dominus:
741 1143 906 1184 Manus
935 1149 1102 1185 vestrae
1124 1142 1324 1198 pollutae
1354 1150 1456 1186 sunt
1484 1157 1752 1192 san-ns.59‚s.

92 1197 229 1255 quine
257 1203 297 1239 et
325 1197 459 1254 diqiti
486 1199 620 1240 vestri
648 1200 900 1256 inquinati:
947 1205 1132 1254 peracta,
1163 1199 1352 1255 inquam,
1382 1199 1590 1242 electione

91 1251 223 1295 simul
261 1259 304 1296 et
346 1254 582 1309 sanguinea
625 1253 739 1296 illius
783 1254 1062 1309 ordinatione,
1109 1254 1266 1311 quibus
1309 1255 1592 1299 interfuerant

91 1307 225 1365 legati
253 1323 338 1366 quo
371 1324 425 1352 ue
453 1308 739 1352 Hildebrandi
778 1324 930 1376 papae,
967 1324 1054 1352 non
1093 1310 1224 1353 multo
1261 1317 1360 1368 post
1388 1326 1590 1354 reversus
1718 1367 1720 1369 .

92 1371 159 1408 est
193 1364 356 1408 Hem-ic
387 1380 438 1408 us
475 1380 555 1408 rex
594 1366 647 1408 de
686 1367 881 1423 part1bus
917 1367 1080 1417 Italiae,
1120 1381 1205 1423 quo
1244 1374 1495 1423 perrexerat
1533 1366 1590 1410 ad
1605 1380 1694 1408 1078.

91 1421 432 1465 satisfactionem
460 1420 528 1464 vel
557 1422 614 1464 ad
643 1422 971 1479 supplicandum
1003 1422 1143 1465 eidem
1172 1423 1367 1466 Romano
1396 1423 1590 1480 pontifici

15 1509 17 1511 -
93 1491 173 1534 pro
209 1492 317 1534 pace
354 1476 424 1520 vel
459 1477 665 1520 ecclesiae
704 1477 772 1520 vel
807 1479 870 1521 rei
898 1478 1110 1535 publicae.
1168 1479 1220 1520 In
1251 1480 1374 1521 cuius
1403 1479 1591 1523 adventu

92 1536 139 1576 in
169 1533 447 1577 Germaniam
476 1534 658 1591 dispersi
688 1541 786 1577 sunt
813 1535 977 1576 inimici
1007 1535 1098 1578 eius
1130 1541 1172 1576 et
1200 1535 1404 1590 fugerunt
1432 1550 1457 1578 a
1481 1536 1590 1578 facie

90 1590 199 1644 eius,
241 1588 523 1647 abieruntque
567 1591 742 1647 quidam
785 1591 838 1633 de
875 1591 1021 1647 episco
1055 1591 1091 1632 is
1134 1591 1178 1632 in
1215 1591 1449 1634 Saxoniam
1490 1606 1589 1634 cum

91 1660 195 1702 rege
233 1659 311 1688 suo
339 1645 537 1700 Rudolfo,
577 1646 753 1703 quidam
795 1653 936 1689 autem
976 1661 1003 1688 a
1070 1653 1273 1689 montana
1316 1653 1358 1690 et
1395 1648 1588 1690 civitates

92 1702 293 1756 munitas,
322 1701 490 1745 dicente
520 1702 728 1759 apostolo,
764 1704 886 1759 quia:
926 1703 1157 1756 Principes
1195 1718 1284 1746 von
1313 1711 1415 1746 sunt
1443 1705 1591 1746 timori

92 1758 199 1801 boni
286 1759 388 1813 eris,
417 1759 493 1801 sed
520 1759 640 1801 mali.
702 1758 891 1802 Recolite
920 1773 1037 1801 nunc
1067 1758 1370 1802 Montanorum
1411 1765 1586 1814 sectam,
1601 1774 1790 1810 Rom.1s,4.

91 1773 366 1857 immoilspcam
395 1813 496 1857 fidei
526 1821 567 1857 et
586 1815 818 1871 patientiae
849 1815 1180 1866 observantiam,
1211 1817 1324 1872 quia,
1356 1830 1454 1858 cum
1483 1822 1588 1858 tem—

91 1883 198 1936 pore
217 1871 527 1927 persecutionis
547 1870 758 1927 fugissent
817 1871 963 1913 uidam
993 1872 1037 1913 in
1061 1878 1265 1913 montana
1295 1878 1338 1914 et
1365 1871 1589 1915 latuissent

90 1941 138 1969 m
164 1926 399 1980 montibus,
429 1926 556 1969 divisi
585 1941 662 1983 per
692 1927 773 1968 hoc
833 1941 855 1968 e
886 1941 1065 1983 corpore
1095 1926 1313 1981 ecclesiae,
1356 1927 1458 1969 dicti
1488 1934 1589 1970 sunt

91 1983 284 2025 montani
313 1981 502 2035 heretici,
534 1983 647 2024 sicut
675 1983 720 2024 in
743 1983 783 2024 8.
803 1981 912 2024 libro
943 1981 1298 2038 etymologiarum
1330 1983 1479 2024 scribit
1508 1981 1586 2024 Isi-

90 2038 223 2081 dorus
260 2039 488 2095 episcopus
499 2045 529 2081 ².
589 2037 677 2080 Sed
705 2037 963 2081 Hildebrant
1002 2045 1044 2081 et
1080 2052 1183 2080 suae
1213 2038 1348 2094 partis
1377 2039 1585 2095 episcopi,

94 2094 252 2151 quibus
289 2107 316 2135 a
350 2108 451 2150 rege
489 2093 707 2137 Henricho
746 2108 873 2150 saepe
910 2109 999 2150 pax
1034 2092 1176 2136 oblata
1220 2100 1287 2136 est
1323 2099 1365 2136 et
1409 2095 1586 2137 minime

92 2156 280 2207 recepta,
310 2149 546 2193 diviserunt
575 2165 620 2193 se
641 2155 794 2206 sponte
825 2163 902 2192 sua
931 2150 986 2192 ab
1007 2150 1169 2192 unitate
1200 2149 1433 2192 catholicae
1453 2149 1585 2192 eccle-

91 2207 195 2259 siae,
222 2205 524 2263 fugientesque
554 2206 596 2247 in
627 2206 884 2248 munitiones
913 2213 1042 2263 atque
1072 2212 1286 2259 montana,
1323 2205 1587 2263 reliquerunt

91 2262 294 2306 ecclesias
330 2276 430 2305 suas
467 2262 632 2319 absque
670 2261 936 2318 speculatore
974 2268 1015 2304 et
1055 2276 1157 2304 oves
1195 2260 1359 2318 absque
1398 2269 1584 2318 pastore,

87 2317 297 2375 eligentes
326 2319 469 2376 potius
497 2318 648 2374 fugere
677 2318 731 2360 ad
762 2325 948 2361 montem
980 2332 1196 2373 magnum,
1226 2332 1354 2374 quem
1407 2318 1588 2360 romittit

89 2374 306 2418 Dominus
346 2389 423 2431 per
459 2373 717 2431 prophetam
746 2374 997 2416 Zachariam
1030 2387 1173 2415 coram
1203 2373 1373 2416 Zoroba
1405 2373 1444 2416 el
1473 2373 1584 2416 duce
1597 2391 1769 2426 zuene-1.

90 2430 246 2473 Iudam
295 2431 340 2472 in
388 2429 563 2487 planum
612 2430 781 2484 deduci,
832 2444 960 2487 qnam
1010 2428 1241 2471 ascendere
1289 2429 1345 2471 ad
1392 2436 1581 2472 montem

91 2486 283 2541 Domini,
314 2486 366 2529 de
387 2501 472 2544 quo
494 2487 654 2530 factum
686 2493 750 2529 est
769 2487 823 2528 ad
854 2486 1058 2529 Hesaiam
1091 2484 1268 2528 verbum
1300 2485 1497 2528 Domini:
1527 2487 1585 2528 Εἰ
1597 2503 1730 2537 nam.

89 2544 188 2596 erit,
213 2543 425 2610 inquiens,
456 2546 505 2586 in
527 2544 778 2586 ‘novissimis
800 2542 948 2585 diebus
964 2548 1269 2598 praeparatus
1289 2556 1412 2584 ‘mons
1432 2542 1583 2584 domus

90 2599 276 2642 Domim
305 2601 354 2642 in
380 2601 533 2642 vertice
553 2601 774 2651 montimn,
835 2597 951 2640 uales
972 2598 1226 2654 ‘suscipiunt
1247 2605 1410 2640 montes
1432 2611 1582 2654 pacem
1596 2614 1748 2649 Pastas.

89 2653 249 2712 populo
285 2661 328 2698 et
367 2654 494 2698 colles
535 2656 766 2701 iustitiam’,
870 2655 910 2697 bi
949 2655 1061 2697 enim
1102 2667 1201 2710 pax,
1241 2653 1301 2695 ibi
1337 2660 1379 2696 et
1408 2654 1583 2708 iustitia,

91 2739 124 2774 ι)
148 2739 234 2766 10⁷1.
260 2740 287 2766 1.

93 2803 129 2845 1)
162 2803 349 2846 Moguntia
383 2807 489 2847 caput
516 2803 657 2837 Galliae
685 2807 720 2837 et
747 2803 959 2837 Germaniae
987 2801 1200 2846 appellatur,
1234 2803 1318 2846 quia
1344 2802 1448 2836 sedes
1476 2802 1583 2835 Boni·

88 2851 190 2894 fecii,
227 2852 339 2895 legati
378 2852 568 2895 apostolici
603 2862 747 2887 munere
780 2852 907 2894 induti,
934 2856 1020 2885 erat.
1159 2850 1196 2892 2)
1223 2850 1353 2885 Isidori
1380 2852 1499 2895 Opera
1526 2848 1583 2883 ed.

90 2900 247 2935 Arevalo
274 2901 344 2943 111,
371 2912 405 2945 p.
433 2902 516 2935 355.
