1878 3308
323 271 392 304 140
582 271 649 304 DE
676 271 886 304 UNITATE
912 270 1183 303 ECCLESIAE
1212 269 1581 304 CONSERVANDA.

320 398 420 425 vam
449 382 635 439 quidem,
667 383 740 424 sed
769 383 830 424 ita
859 381 1136 435 moderatam,
1165 388 1213 424 ut
1232 381 1417 438 desuper
1444 396 1579 440 usque
1608 381 1665 424 ad
1691 396 1815 424 renes

321 445 486 482 tantum
517 437 723 481 deflueret
751 444 794 481 et
822 439 1037 494 utrimque
1066 452 1203 494 usque
1239 437 1293 480 ad
1323 437 1599 481 humerorum
1629 439 1815 480 confinia

321 495 598 552 pertingeret,
630 493 769 551 qualis
790 501 904 536 certe
923 494 1061 536 forma
1088 501 1218 550 atque
1238 509 1439 536 mensura
1465 495 1638 551 proprie
1658 494 1815 537 dicitur

322 551 560 608 scapulare,
590 549 705 608 quod
736 550 956 593 monachis
993 558 1172 607 propter
1200 564 1331 606 opera
1367 555 1532 593 tantum
1571 551 1815 608 assignatur

322 623 377 651 ex
415 608 617 650 mandato
656 622 702 650 re
736 606 845 662 ulae,
883 607 985 664 quia
1019 606 1080 649 ibi
1120 607 1377 662 exprimitur
1415 607 1643 664 utrimque,
1682 613 1731 649 ut
1772 614 1815 650 et

321 664 556 706 monachus
585 664 711 719 singu
728 664 890 706 aritatis
928 677 1030 705 suae
1060 663 1297 705 custodiam
1367 677 1413 705 er
1441 669 1603 706 vestem
1633 662 1816 706 cuculla-

322 728 410 764 tam
439 719 632 762 attendat
660 727 702 762 et
721 735 798 776 per
818 720 1072 763 brevitatem
1101 719 1192 762 eius
1223 720 1303 761 sim
1377 726 1419 762 et
1447 733 1527 776 per
1545 718 1814 762 brachiorum

322 776 560 818 nuditatem
588 776 728 832 magis
758 776 986 833 explicitus
1023 782 1065 818 et
1093 775 1278 841 impiger
1311 775 1366 818 ad
1397 789 1528 832 opera
1555 775 1643 818 fiat.
1701 775 1816 818 Rara

323 840 467 875 autem
496 839 561 875 est
589 847 704 874 nunc
732 833 848 889 apud
878 833 1111 874 monachos
1141 840 1183 875 et
1211 832 1414 874 musitata
1439 831 1654 874 eiusmodi
1673 832 1817 885 vestis,

324 889 425 946 quia
445 889 571 946 pauci
601 895 674 931 aut
695 890 868 931 omnino
897 888 1001 930 nulli
1030 889 1153 930 istius
1183 889 1389 945 temporis
1419 888 1616 932 monaehi
1647 887 1819 930 student

324 960 442 987 more
471 952 641 1002 patrum
671 944 810 988 labori
839 951 914 988 aut
933 946 1138 988 exercitio
1161 946 1317 1002 operis,
1347 959 1446 987 cum
1474 944 1590 1003 apud
1619 944 1817 1001 antiquos

324 1008 469 1059 patres
508 1002 634 1044 fuerit
668 1002 884 1056 usitatum,
919 1008 967 1044 ut
994 1000 1156 1043 nullum
1187 1002 1452 1058 susciperent
1480 1001 1526 1042 in
1554 1001 1818 1043 consortium

326 1073 466 1112 suum,
508 1058 590 1100 nisi
634 1057 841 1113 probatus
885 1057 966 1100 hoc
1002 1057 1206 1100 meruerit
1246 1073 1323 1114 per
1366 1057 1508 1114 operis
1551 1057 1819 1110 exercitium,

326 1114 442 1171 quod
482 1115 722 1157 orationum
765 1114 908 1156 studia
949 1119 1078 1171 atque
1121 1113 1351 1156 lectionum
1387 1114 1618 1171 praecipue
1647 1111 1819 1156 valent⁸¹

326 1177 476 1213 contra
510 1171 856 1226 impugnationes
898 1171 1114 1213 vitiorum.
1172 1170 1299 1213 Unde
1339 1176 1381 1213 et
1411 1169 1699 1224 sarabaitas-¹³,
1735 1169 1818 1212 hoc

327 1234 391 1269 est
416 1226 499 1268 sibi
518 1227 724 1279 viventes,
754 1225 943 1284 appellat
972 1233 1144 1268 sanctus
1164 1226 1451 1269 Benedictus¹
1482 1227 1655 1268 tertium
1683 1240 1820 1282 genus

326 1282 654 1325 monachorum:
694 1293 871 1334 Quoniam
895 1293 1009 1334 nulla,
1034 1282 1187 1339 inquit,
1222 1295 1347 1337 regula
1381 1292 1570 1337 approbati
1602 1292 1820 1335 experientia

326 1343 499 1388 magistra
523 1344 613 1377 sicut
631 1354 761 1376 aurum
786 1343 825 1376 in
841 1343 1016 1386 fornace;
1042 1343 1104 1376 secl
1131 1341 1170 1376 in
1190 1342 1330 1386 plumbi
1352 1348 1522 1375 naturam
1545 1341 1670 1375 molliti
1701 1341 1821 1375 adhuc

326 1392 491 1436 operibus
524 1396 703 1426 servantes
737 1392 875 1425 saeculo
900 1391 1011 1434 fidem
1043 1391 1186 1425 mentiri
1216 1391 1294 1425 Deo
1314 1403 1383 1435 per
1408 1397 1590 1425 tammam
1613 1395 1818 1431 noscuntur,

327 1442 454 1485 quibus
474 1453 544 1484 pro
571 1443 644 1486 leye
669 1445 719 1474 est
744 1439 1012 1484 desyderiorum
1036 1441 1213 1484 voluptas,
1241 1452 1318 1474 cum
1343 1439 1511 1484 quicquid
1529 1439 1740 1483 putaverint
1764 1439 1822 1472 vel

327 1491 494 1535 eleqerint
527 1492 591 1524 hoc
622 1490 744 1524 dicant
778 1495 952 1532 sanctum,
985 1493 1016 1523 et
1042 1490 1136 1533 quod
1165 1490 1344 1523 noluerint
1369 1489 1432 1523 hoc
1450 1494 1584 1532 putant
1607 1499 1679 1522 non
1705 1488 1819 1522 licere.

326 1537 442 1578 Hinc
473 1535 625 1578 beatus
646 1535 962 1591 Hieronymus²
993 1535 1144 1578 scribit
1171 1534 1227 1576 ad
1247 1549 1413 1577 sacram
1432 1534 1645 1590 virginem
1664 1532 1819 1576 Eusto-

327 1592 489 1634 chium:
525 1601 622 1644 Tria,
648 1591 860 1648 inquiens,
890 1606 972 1634 sunt
1002 1612 1133 1646 genera
1166 1601 1427 1642 monachorum,
1459 1612 1503 1635 ex
1527 1599 1654 1643 quibus
1679 1598 1821 1633 tertium

328 1657 378 1686 est
404 1651 631 1686 deterrimum
658 1657 762 1695 atque
787 1652 991 1695 neglectum,
1019 1654 1051 1684 et
1075 1651 1169 1693 quod
1196 1651 1232 1683 in
1257 1654 1381 1683 nostra
1399 1648 1592 1693 provincia
1617 1653 1682 1681 aut
1706 1649 1818 1682 solwm

328 1713 378 1741 est
405 1712 468 1739 aut
487 1707 657 1750 primum,
684 1706 783 1749 apud
808 1717 906 1748 quos,
932 1695 1085 1751 inquit,
1116 1706 1281 1749 affectata
1312 1710 1395 1738 sunt
1419 1703 1549 1745 omnia,
1576 1705 1682 1737 laxae
1706 1703 1820 1735 mani-

328 1767 402 1797 cae,
429 1756 563 1799 caligae
578 1755 797 1797 follicantes,
823 1753 927 1787 vestis
950 1754 1106 1799 yrossior
1117 1758 1144 1795 0,
1171 1754 1296 1787 crebra
1320 1753 1490 1796 suspiria,
1525 1751 1693 1786 detractio
1720 1751 1820 1785 cleri-

330 1815 461 1846 corum,
495 1810 526 1838 et
561 1803 593 1836 si
625 1804 769 1847 quando
802 1803 877 1836 dies
893 1803 1015 1845 festus
1037 1802 1181 1844 venerit,
1208 1806 1420 1835 saturantur
1445 1802 1494 1835 ad
1519 1799 1696 1834 vomitum.
1747 1799 1821 1834 ›S'ed
1850 1801 1852 1803 ’

330 1853 417 1897 quia
455 1853 570 1887 sciunt
602 1853 854 1886 monachorum
886 1850 1039 1886 nomend
1069 1852 1272 1896 gloriosum,
1308 1851 1371 1884 sub
1401 1850 1520 1885 ovium
1538 1849 1693 1893 pellibus
1719 1850 1820 1892 lupos

331 1913 462 1953 tegunt,
500 1907 676 1941 Christum
700 1907 868 1941 mentitur
898 1906 1147 1948 Antichristus,
1175 1913 1207 1941 et
1243 1905 1508 1949 turpitudinem,
1536 1895 1697 1951 inquit,
1724 1904 1821 1938 vitae

321 1957 424 2002 falso
449 1956 601 1990 nominis
626 1957 757 1990 honore
783 1955 1011 1998 convestiunt,
1039 1956 1100 1999 qui
1120 1955 1235 1998 etiam,
1262 1955 1347 1989 duan
1373 1955 1579 1989 erubescmnt
1598 1965 1669 1998 pro
1687 1953 1822 1988 Christo

120 2010 318 2045 1.'1¹1m.6‚9.
331 2007 522 2052 gloriosam
556 2017 635 2039 cum
668 2006 823 2048 apostolo
858 2005 1033 2048 suscipere
1063 2005 1271 2046 nuditatem,
1304 2004 1467 2038 incidunt
1500 2004 1540 2037 in
1565 2001 1824 2047 temptationem

334 2061 366 2090 et
392 2057 556 2099 laqueum
573 2055 708 2088 diaboli
733 2059 765 2088 et
789 2053 978 2098 desyderia
1001 2055 1113 2087 multa
1139 2060 1170 2087 et
1186 2053 1330 2087 inutilia
1356 2057 1388 2087 et
1406 2053 1528 2095 nomia,
1552 2063 1645 2096 quae
1660 2057 1823 2096 merytmt

334 2105 489 2138 homines
514 2104 553 2137 in
578 2103 758 2138 interitum
784 2108 815 2137 et
833 2103 1079 2147 perditionem.

445 2149 515 2191 43.
574 2148 912 2205 Consyderanda
942 2155 1039 2190 sunt
1074 2148 1194 2201 haec,
1234 2162 1343 2204 quae
1373 2147 1510 2190 sancti
1547 2153 1691 2203 patres
1725 2159 1823 2187 con-

336 2205 530 2248 scribunt
559 2220 688 2262 super
718 2220 768 2247 eo
787 2219 944 2261 genere
973 2204 1294 2257 monachorum,
1325 2202 1442 2260 quod
1470 2217 1583 2245 nunc
1613 2203 1658 2244 in
1677 2208 1823 2244 nostra

335 2276 506 2319 quoque
545 2263 769 2317 provincia
807 2268 882 2303 aut
910 2262 1099 2318 primum
1128 2266 1192 2302 est
1225 2267 1299 2302 aut
1327 2259 1477 2313 solum,
1509 2258 1655 2316 quales
1694 2258 1822 2300 etiam

335 2320 380 2360 in
419 2316 641 2374 publicum
678 2318 765 2359 iam
805 2323 1069 2360 emerserunt
1107 2316 1299 2370 exitium,
1343 2316 1605 2358 concitantes
1643 2328 1823 2369 regnum

336 2373 543 2415 adversus
582 2388 761 2429 regnum
773 2381 805 2427 ³,
842 2374 915 2430 qui
953 2387 1039 2414 non
1067 2372 1122 2414 ab
1153 2371 1389 2428 apostolica
1418 2372 1518 2413 sede
1548 2370 1722 2427 quidem
1751 2369 1824 2412 ab-

337 2431 588 2483 stinuerunt,
626 2430 701 2472 sed
739 2429 874 2471 multa
910 2435 1058 2471 contra
1096 2443 1189 2471 eam
1225 2434 1461 2484 gesserunt,
1491 2428 1754 2483 scripserunt
1782 2432 1825 2468 et

338 2561 369 2596 a.)
391 2563 476 2588 valet
498 2563 525 2589 1.
607 2561 639 2595 b)
661 2561 839 2588 sarabattas
861 2563 889 2587 1.
964 2560 992 2594 c)
1015 2562 1148 2587 crassior
1168 2561 1248 2588 Hier.
1313 2559 1344 2594 d)
1366 2561 1521 2592 virginale
1540 2560 1724 2587 vocabulum
1743 2559 1824 2587 Hier.
1877 2570 1878 2573 ¹

341 2672 379 2715 1)
406 2672 598 2706 Benedicti
621 2673 710 2714 Reg.
743 2682 772 2704 c.
799 2673 831 2706 1.
931 2670 970 2713 2)
996 2672 1142 2706 Hieron.
1167 2672 1281 2714 Epist.
1310 2670 1357 2703 ad
1382 2671 1628 2712 Eustochium,
1654 2671 1774 2714 Opera
1795 2669 1827 2711 1,

339 2734 374 2766 p.
404 2721 485 2755 118.
515 2722 596 2754 119.
623 2726 660 2754 et
683 2721 768 2753 inde
795 2731 817 2753 a
842 2720 980 2753 verbis:
1008 2718 1080 2753 Sed
1103 2720 1191 2762 quia
1216 2719 1329 2753 sciunt
1355 2725 1423 2753 etc.
1457 2732 1492 2764 p.
1521 2719 1601 2753 123.
1702 2717 1742 2762 3)
1767 2717 1823 2752 Of.

339 2771 451 2805 verba
477 2770 596 2804 Carm.
621 2770 794 2803 Lauresh.
820 2780 915 2802 mon.
943 2769 1024 2810 (SS.
1052 2770 1151 2808 XXI,
1177 2781 1210 2812 p.
1238 2769 1346 2809 430):

586 2817 792 2852 Schismatis
818 2829 971 2851 errorem
998 2822 1106 2851 totum
1130 2818 1328 2861 sparyendo
1352 2829 1417 2861 per
1443 2818 1558 2851 orbem

594 2868 692 2901 Unde
717 2878 823 2910 super
847 2878 992 2910 reynum
1016 2878 1111 2900 nunc
1137 2872 1271 2900 constat
1295 2878 1438 2911 suryere
1462 2877 1608 2910 reqnwm

587 2917 634 2950 ,Et
660 2921 782 2950 contra
806 2922 940 2961 gentem
966 2916 1062 2950 bellis
1089 2916 1269 2960 confligere
1292 2922 1437 2959 qentem.

1858 2858 1878 2900 ὁδ’
1870 2755 1878 2815 -.,.
