1878 3308
695 272 983 308 PRAEFATIO.
1524 273 1592 306 XV

91 385 197 431 dnm
238 385 492 442 episcopum
535 383 806 426 salutarem1.
864 384 1080 440 Lepsius¹
1115 390 1262 440 putat,
1308 384 1591 427 Waltramum

91 439 366 486 consuluisse
397 439 648 483 Ansebmum
678 440 731 483 de
758 439 982 483 erroribus
1009 438 1215 482 ecclesiae
1246 439 1443 482 Graecae
1472 447 1511 482 et
1539 455 1592 482 eae

93 512 144 542 oo
233 498 453 550 aesivisse,
484 512 630 539 nonne
658 502 763 539 tunc
783 495 1153 540 accommodatum
1181 502 1289 538 esset
1316 503 1485 552 tempus
1514 495 1591 538 tol-

92 512 231 598 long
250 553 476 597 schismati
502 552 622 609 quod
650 552 854 595 ecclcsiae
882 553 1110 595 Romanae
1139 567 1237 594 cum
1257 551 1432 594 Graeca
1461 553 1593 594 inter-

92 615 292 654 ma.
337 609 422 654 Cui
450 610 687 652 sententiae
717 610 759 650 si
787 608 907 651 adsti
939 608 1132 661 ulamur,
1162 609 1371 664 sequitur,
1401 615 1450 650 ut
1476 607 1591 651 Wal-

91 671 266 710 tronus
306 680 398 708 non
442 664 582 707 solum
617 665 782 707 unitati
823 679 891 706 ecc
910 665 1026 706 esiae
1062 664 1303 717 Romanae,
1347 664 1422 706 sed
1464 666 1595 707 etiam

91 723 204 780 paci
228 722 346 765 inter
373 727 520 764 utram
551 736 604 763 ue
633 719 854 763 ecclesiam
882 721 1178 762 restituendae
1206 721 1396 763 maxime
1417 735 1595 777 operam

96 777 278 822 Meri&
335 777 454 821 Nam
538 775 771 819 altramum
801 775 992 832 epistula
1022 791 1106 818 sua
1137 777 1198 818 ad
1227 778 1418 819 comitem
1447 776 1593 818 Ludo·

96 836 240 878 vicum
268 834 377 877 data
407 832 523 876 nihil
550 832 680 875 aliud
709 833 986 889 appetivisse,
1014 833 1106 874 nisi
1133 838 1182 874 ut
1211 834 1362 874 unitas
1390 834 1440 874 in
1469 833 1594 874 eccle-

95 891 172 933 sia
213 889 421 933 Romana
459 890 770 942 restitueretur,
813 903 868 931 ex
901 890 1016 945 ipsis
1058 889 1155 930 eius
1197 888 1412 944 epistulae
1454 888 1596 931 verbis

97 945 245 990 elucet.
286 945 449 988 Nonne
476 946 592 988 enim
620 946 672 987 in
700 960 754 987 ea
782 945 908 988 nobis
932 950 1168 987 occurrunt
1195 944 1326 987 verba
1350 944 1596 997 Waltrami,

100 1001 261 1059 quibus
297 1003 491 1044 comitem
533 1001 596 1043 ad
626 1015 785 1057 pacem
823 1000 1026 1044 ecclesiae
1055 1001 1321 1043 servandam
1350 999 1595 1056 compellit?

98 1063 170 1102 ut:
199 1057 318 1101 omni
345 1071 479 1114 regno
507 1056 626 1099 utilis
655 1063 720 1100 est
747 1057 980 1099 concordia
1007 1062 1047 1099 et
1076 1056 1166 1099 alio
1194 1057 1314 1100 loco:
1354 1057 1423 1098 Tu
1452 1057 1596 1112 igitur,

95 1112 403 1171 gloriosissime
424 1114 640 1170 princeps,
667 1112 907 1167 attendens,
937 1112 1154 1170 quomodo
1174 1112 1294 1155 Deus
1314 1114 1435 1168 pacis
1461 1119 1526 1155 est
1555 1118 1598 1154 et

95 1183 187 1213 non
199 1168 492 1224 dissensionis,
522 1168 639 1236 quod
659 1184 716 1211 ex
734 1176 777 1212 te
796 1175 874 1222 est,
903 1183 1057 1226 pacem
1086 1182 1185 1210 cum
1205 1169 1405 1211 omnibus
1423 1168 1596 1211 habeas.

99 1225 199 1270 Iam
235 1240 337 1270 vero
376 1227 438 1269 ad
473 1226 591 1268 altas
624 1226 951 1269 similitudines.
1014 1223 1108 1273 Quo
1146 1226 1287 1267 utitur
1321 1239 1516 1267 sermone
1559 1231 1599 1267 et

284 1282 475 1335 dicendi,
532 1297 628 1324 uem
656 1289 767 1324 tenet
794 1282 969 1324 modum
998 1282 1267 1336 disputandi
1295 1288 1334 1322 et
1353 1280 1599 1323 disserendi

99 1353 152 1382 sn
179 1337 371 1395 epistula
401 1338 462 1380 ad
521 1337 753 1380 udovicum
780 1339 916 1379 missa
940 1337 1215 1390 Waltramus,
1246 1337 1415 1379 easdem
1444 1351 1513 1378 res
1533 1350 1595 1377 se-

160 1395 254 1437 itur
276 1395 469 1450 scriptor
480 1393 587 1435 libri
606 1395 686 1450 qui
702 1400 764 1435 est
787 1393 839 1435 de
867 1394 1036 1435 unitate
1052 1392 1256 1434 ecclesiae
1280 1393 1596 1435 conservanda.

147 1450 292 1503 vindo,
333 1456 383 1492 ut
425 1450 619 1492 omnium
662 1451 740 1505 qui
783 1455 886 1491 tunc
928 1454 1058 1491 erant
1108 1449 1332 1490 hominum
1374 1449 1597 1490 doctorum

98 1506 422 1563 disputationes
461 1506 763 1547 auctoritatem.
800 1504 1062 1559 Scripturae
1093 1503 1261 1546 Sacrae
1294 1504 1598 1560 sequebantur,

100 1568 232 1620 atque
259 1576 314 1604 a
332 1577 386 1604 ea
406 1567 670 1618 argumenta
698 1562 967 1617 yravissima
982 1560 1201 1615 petebant,
1231 1561 1298 1602 ita
1325 1575 1462 1616 neque
1486 1559 1598 1601 Wal-

98 1623 270 1661 travnus
289 1619 340 1661 in
354 1617 436 1660 illa
454 1617 646 1673 epistula
670 1632 807 1674 neque
827 1618 1015 1672 scriptor
1036 1616 1270 1672 apoloqiae
1285 1622 1462 1658 nostrae
1477 1617 1596 1671 quic-

98 1689 234 1731 quam
252 1673 469 1717 divinitus
489 1680 635 1716 ratum
656 1673 825 1726 habent,
856 1673 974 1728 quod
993 1687 1083 1714 non
1100 1673 1278 1714 ductum
1307 1673 1365 1714 sit
1393 1686 1447 1714 ecc
1465 1671 1597 1714 libro-

99 1745 201 1773 Μ
219 1744 446 1773 sacrorum
465 1731 706 1783 sententia,·
726 1729 802 1771 sed
819 1731 980 1771 mirum
999 1734 1074 1781 est,
1100 1728 1219 1784 quod
1236 1742 1291 1769 ex
1310 1727 1417 1770 locis
1435 1742 1599 1779 novem,

100 1800 212 1843 quos
233 1785 499 1829 waltramus
527 1800 582 1827 exc
602 1785 841 1841 Scriptura
861 1784 1005 1827 Sacra
1027 1783 1167 1840 affert,
1195 1799 1286 1826 non
1303 1785 1450 1826 minus
1471 1785 1599 1840 quin·

211 1843 263 1885 in
281 1840 394 1885 libro
415 1842 467 1884 de
486 1843 654 1884 unitate
674 1841 772 1884 eccl.
794 1855 909 1883 cons.
928 1842 1199 1882 invenimus.-
1229 1840 1353 1882 Rom.
1374 1840 1438 1892 13,
1462 1839 1599 1891 1-2,-

101 1856 229 1943 {xm-
262 1897 403 1951 10,3,·
435 1899 472 1940 1.
504 1898 595 1940 ῙοῘι.
626 1898 770 1951 4‚16,·
805 1899 841 1938 1.
871 1896 962 1938 ΙοῙι.
994 1897 1034 1950 3,
1059 1896 1136 1949 15;
1168 1894 1268 1938 G'al.
1301 1897 1339 1947 1,
1361 1895 1400 1938 8.
1459 1895 1598 1937 Deni-

187 1985 199 2008 ,
218 1959 267 1996 ut
289 1953 556 1996 Waltramus
575 1955 624 1995 in
648 1952 730 1995 illa
749 1951 941 2009 epistula
962 1952 1084 2004 dicit,
1114 1952 1231 2008 quod
1253 1950 1599 2002 Hildebrandus,

101 1967 383 2066 melphia,
422 2009 742 2061 Herimannus,
782 2008 1064 2064 quebertus,
1102 2008 1326 2049 innumeri
1352 2007 1599 2061 principes,

163 2065 288 2107 iDei
316 2065 595 2107 ordinationi
622 2065 671 2106 in
703 2064 895 2106 Henrico
924 2065 1186 2118 imperatore
1214 2063 1482 2114 restitissent,
1513 2067 1601 2103 tam

90 2080 229 2178 ,Ξῖαή
242 2121 494 2178 periissent,
515 2120 666 2163 divino
716 2119 875 2161 uodam
899 2119 1067 2160 iudicio
1086 2118 1263 2173 factum
1283 2133 1384 2170 esse,
1405 2118 1471 2159 ito
1494 2115 1599 2174 leqi·

102 2192 199 2220 mus
226 2178 277 2220 in
305 2176 419 2218 libro
447 2182 595 2218 nostro
626 2135 720 2230 (lig.
754 2175 813 2229 II,
844 2191 879 2217 c.
909 2174 965 2216 35
967 2177 1014 2228 ).·
1045 2173 1196 2230 Neque
1224 2174 1338 2215 enim
1376 2171 1450 2214 diu
1486 2174 1603 2215 cirea

102 2232 342 2291 Egbertum
373 2231 662 2274 marchionem
693 2231 799 2274 ultio
828 2229 976 2272 divina
999 2230 1195 2281 cessavit,
1226 2236 1264 2271 et
1285 2229 1379 2284 (lib.
1402 2229 1438 2281 I,
1469 2245 1503 2270 c.
1524 2229 1552 2270 3
1554 2231 1602 2281 ).·

105 2303 290 2348 qnorum
327 2303 438 2331 nnus
477 2287 790 2343 (Rudolphus)
831 2287 874 2328 in
911 2285 1073 2342 proelio
1104 2285 1271 2338 cecidit,
1310 2284 1419 2327 alter
1454 2284 1606 2339 (Heri-

104 2348 323 2399 mannus)
363 2345 404 2386 in
443 2343 765 2400 expugnatione
805 2343 931 2384 unius
961 2340 1122 2383 castelli
1151 2340 1454 2383 miserabiliter
1481 2354 1607 2382 occu-

107 2400 216 2447 buit.
265 2401 371 2444 Item
400 2403 590 2457 scriptor
619 2399 853 2456 apoloqiae
882 2405 1056 2440 nostrae
1085 2398 1181 2451 (lib.
1200 2398 1260 2450 II,
1293 2414 1327 2438 c.
1348 2397 1413 2449 7),
1441 2402 1490 2438 ut
1510 2395 1604 2437 Hil-

104 2458 358 2502 debu-andus
386 2458 435 2499 in
465 2456 619 2499 exsilio
650 2456 764 2498 diem
791 2470 840 2496 su
878 2470 1038 2496 remum
1069 2453 1216 2505 obiret,
1242 2454 1417 2495 iustitia
1446 2453 1604 2494 divina

105 2514 384 2557 constitutum
410 2513 558 2578 fuisse
591 2517 722 2568 putat
758 2517 797 2553 et
865 2526 886 2553 e
916 2509 1075 2566 Seryio
1105 2524 1347 2551 successore
1375 2510 1469 2551 eius
1500 2508 1605 2550 dicit

108 2569 196 2624 (II,
227 2569 330 2623 17).·
360 2582 482 2610 emus
511 2567 675 2610 seilicet
703 2566 877 2609 honoris
907 2566 1101 2622 rapinam
1141 2579 1226 2607 non
1264 2564 1339 2606 diu
1369 2564 1605 2620 impunitus

104 2624 255 2677 tenuit,
283 2625 484 2681 qnoniam
516 2624 689 2671 interiit,
719 2637 774 2665 ex
804 2636 889 2679 quo
919 2621 1082 2664 scilicet
1111 2621 1256 2663 divino
1286 2620 1445 2662 iudicio
1471 2619 1604 2661 mani-

104 2678 260 2723 festum
288 2687 366 2732 est,
394 2679 531 2736 qualis
561 2680 691 2722 etiam
721 2679 813 2735 ipse
843 2678 983 2723 fuerit.

103 2818 142 2861 1)
168 2818 205 2852 S.
231 2818 393 2851 Anselmi
418 2818 539 2861 open.
565 2817 623 2851 ed.
651 2817 847 2858 Garbaton,
873 2817 1020 2850 Parisiis
1051 2816 1153 2849 1721.
1188 2827 1222 2859 p.
1253 2815 1332 2848 135.
1446 2814 1486 2854 2)
1513 2813 1599 2845 ‘Ge-

100 2866 269 2960 ιιοὲἑιέιιῖ
299 2866 363 2948 (ζοῖ
387 2866 557 2900 Bischiifs
590 2865 654 2900 des
680 2865 880 2900 Hochstifts
906 2865 1114 2907 Naumbnrg
1149 2875 1213 2896 vor
1240 2863 1303 2895 der
1331 2861 1601 2900 Reform-aona

210 2942 219 2959 ‚
274 2940 281 2948 .
362 2939 371 2948 .
