1878 3308
296 280 345 313 50
384 320 389 327 Ι
558 279 624 313 DE
651 277 863 312 UNlTATE
892 274 1164 310 ECCLESIAE
1193 275 1559 310 CONSERVANDA.

298 397 347 433 ut
374 389 536 433 ibidem
566 391 709 445 potius
739 388 946 445 proficere
977 394 1134 445 posset.
1181 387 1395 440 Quoniam
1423 397 1497 431 alia
1522 402 1582 438 eu,
1609 386 1750 443 inquit
1767 395 1794 440 ¹,

301 461 413 484 causa
439 450 603 484 utilitatis
630 453 662 483 et
685 449 913 491 necessitatis,
948 454 978 482 et
1006 446 1082 481 alia
1109 446 1286 482 avaritiae
1312 453 1343 482 et
1363 447 1664 492 praesumptionis
1692 451 1796 490 atque

292 499 468 543 propriae
493 498 699 532 voluntatis.

417 545 456 585 7.
515 543 670 586 Utrum
708 549 850 584 autem
890 542 946 585 sit
974 548 1120 598 pastor
1149 555 1204 583 an
1234 541 1564 595 mercennarius,
1595 541 1797 597 cognosci

299 600 508 643 veraciter
535 613 622 641 non
651 605 806 655 potest,
838 599 875 640 si
905 598 1076 640 occasio
1106 597 1373 639 necessitatis
1402 597 1534 640 deest.
1592 596 1718 640 Unde
1755 602 1798 638 et

299 657 411 698 inter
457 662 598 698 cetera
643 669 755 712 quae
792 661 892 697 sunt
928 654 1139 698 eiusmodi
1176 652 1326 695 scribit
1355 659 1528 696 sanctus
1559 652 1797 709 Gregorius

301 713 346 754 in
384 710 593 754 homiliis:
629 720 768 764 Lupus,
803 711 999 767 inquiens
1014 718 1043 764 ²,
1084 719 1334 764 superveniens
1368 718 1517 761 indicat,
1551 730 1618 763 quo
1652 719 1799 762 quisque

305 777 422 811 animo
468 788 577 820 super
621 775 736 821 gregis
779 777 975 810 custodiam
1013 776 1139 810 stabat.
1227 764 1342 807 Eece
1393 764 1506 806 enim
1555 762 1797 806 Henrichus

302 837 401 876 rex,
446 836 533 864 non
569 827 616 863 ut
655 820 920 878 dispergeret
955 836 1056 864 oves
1094 820 1266 874 Christi,
1313 820 1388 862 sed
1433 827 1480 863 ut
1519 825 1800 877 congregaret

303 893 376 920 eas
420 878 464 919 in
507 892 662 930 unum,
706 878 923 932 profectus
968 885 1032 920 est
1074 877 1306 931 Romamss,
1349 877 1579 933 praecipue
1622 874 1799 918 studens

301 940 376 976 aut
407 948 518 976 ‘cum
548 932 834 976 Hildebranto
877 933 1016 976 redire
1061 934 1104 975 in
1141 933 1325 989 gratiam
1338 939 1375 987 ⁴,
1422 940 1508 987 aut,
1546 933 1584 975 si
1622 932 1668 975 id
1705 931 1799 974 fieri

301 1005 389 1033 non
423 996 583 1046 posset,
621 989 879 1032 substituere
918 989 1047 1032 alium
1078 1003 1248 1047 papam,
1281 989 1354 1045 qui
1383 994 1548 1031 amaret
1575 1002 1728 1046 pacem
1758 994 1801 1030 et

303 1045 619 1101 euangelizaret
647 1059 812 1102 pacem,
845 1059 941 1087 cum
971 1046 1057 1088 iam
1083 1061 1161 1102 per
1179 1046 1324 1103 plures
1345 1059 1479 1087 annos
1500 1044 1657 1088 bellum
1679 1042 1801 1086 undi-

304 1117 388 1160 que
419 1102 651 1145 vastaverit
679 1101 923 1144 Romanum
954 1102 1125 1156 orbem;
1162 1103 1265 1145 sed⁵
1296 1101 1366 1143 ille
1396 1101 1535 1144 noluit
1562 1115 1708 1157 regem
1738 1114 1800 1142 re-

303 1159 342 1200 ci
376 1173 460 1211 ere‚
500 1159 632 1199 immo
672 1158 836 1215 respuit
874 1173 970 1201 eum
1008 1157 1170 1215 alloqui
1205 1156 1273 1202 vel
1311 1157 1472 1212 videre,
1507 1158 1591 1200 nisi
1631 1157 1802 1199 offerret

304 1215 340 1257 si
372 1214 386 1255 i
415 1213 559 1270 regale
590 1219 807 1270 sceptrum
838 1220 880 1256 et
906 1214 1104 1257 redderet
1132 1215 1178 1256 in
1197 1229 1350 1257 manus
1379 1228 1480 1256 suas
1499 1214 1663 1270 regiam
1683 1218 1801 1269 pote-

305 1276 458 1314 statem
488 1277 531 1312 et
559 1270 764 1312 honorem
797 1278 840 1313 et
868 1285 1063 1327 regnum,
1094 1269 1218 1327 quale
1247 1270 1412 1313 scilicet
1439 1270 1692 1327 mysterium
1722 1269 1801 1310 ini-

337 1326 482 1369 uitatis
521 1325 677 1368 dicitur
715 1340 742 1367 a
777 1326 967 1369 Domino
1007 1341 1135 1383 super
1167 1327 1408 1384 principem
1438 1327 1558 1383 Tyri,
1598 1325 1802 1383 quoniam

86 1342 519 1430 1:20011.2s,2.glevatum
541 1390 605 1424 est
634 1396 708 1424 cor
728 1383 832 1437 eius,
864 1389 907 1425 et
927 1383 1058 1426 dixit:
1088 1383 1221 1426 ‘Deus
1242 1397 1324 1438 ego
1354 1397 1447 1425 sum
1468 1388 1511 1425 et
1535 1383 1580 1424 in
1601 1380 1804 1425 cathedra

91 1446 132 1472 cf·
144 1445 294 1479 Rom-¹³,
307 1439 395 1481 Dei
424 1438 540 1482 sedi’.
599 1438 698 1480 Non
735 1446 799 1481 est
838 1441 950 1481 enim
987 1445 1175 1496 potestas
1205 1440 1288 1481 nisi
1316 1453 1342 1481 a
1371 1439 1481 1492 Deo,
1518 1438 1705 1494 ideoque
1734 1436 1803 1480 vel

178 1486 204 1511 ¹·
306 1496 458 1538 Petrus
487 1495 689 1551 princeps
718 1495 1012 1551 apostolorum
1040 1510 1127 1537 non
1147 1495 1372 1552 usurpavit
1399 1495 1482 1538 sibi
1502 1494 1700 1537 ordinare
1729 1492 1803 1535 ali-

90 1573 291 1608 1.Petr.2,18.
309 1551 415 1608 quid
444 1550 497 1593 de
526 1565 680 1607 regno;
710 1551 805 1594 sed:
846 1552 1054 1605 Subiecti,
1084 1552 1237 1609 inquit,
1268 1558 1394 1594 estote
1425 1553 1543 1594 omni
1571 1557 1801 1593 creaturae

299 1614 487 1663 propter
523 1607 687 1660 Deum,
728 1609 818 1650 sive
856 1609 951 1664 reyi
988 1611 1119 1663 quasi
1149 1607 1452 1663 praecellenti,
1492 1608 1581 1649 sive
1617 1606 1802 1649 ducibus

305 1670 514 1719 tanquam
545 1663 599 1704 ab
630 1678 677 1705 eo
706 1665 853 1706 missis
884 1664 944 1705 ad
964 1665 1206 1706 vindictam
1235 1662 1580 1719 malefactorum,
1612 1663 1674 1705 ad
1702 1662 1800 1704 lau-

306 1720 402 1761 dem
438 1733 537 1760 vero
579 1718 801 1761 bonorum.
859 1719 976 1775 Ergo
1006 1735 1097 1774 reX,
1128 1734 1223 1761 cum
1255 1718 1514 1761 obstinatum
1548 1733 1687 1775 papae
1716 1718 1805 1760 ani-

306 1788 423 1816 mum
463 1789 550 1816 non
588 1781 734 1831 posset
768 1774 974 1817 inclinare
1013 1775 1069 1818 ad
1105 1775 1295 1818 studium
1325 1776 1444 1832 pacis
1477 1774 1562 1818 alia
1621 1775 1803 1817 actionis
1843 1805 1846 1807 Α

307 1830 574 1885 condicione,
594 1831 679 1872 nisi
699 1831 871 1874 cederet
890 1846 1038 1887 regno,
1068 1831 1184 1889 quod
1204 1831 1301 1874 Deo
1323 1831 1546 1874 ordinante
1571 1845 1595 1873 o
1628 1835 1805 1874 venerat

308 1887 391 1929 sibi
421 1889 538 1929 avita
565 1887 726 1943 pariter
755 1894 798 1929 et
825 1894 1004 1944 paterna
1033 1888 1316 1940 successione,
1355 1894 1456 1930 tunc
1495 1887 1668 1930 demum
1698 1902 1803 1929 usus

308 1950 375 1986 est
404 1942 505 1986 belli
535 1943 802 1996 necessitate,
844 1958 943 1986 cum
979 1944 1109 1986 etiam
1148 1943 1262 1987 idem
1292 1943 1553 1986 Hildebrant
1582 1943 1804 1986 introitum

306 2000 527 2041 Romanae
548 2000 734 2042 civitatis
764 2000 846 2043 sibi
878 1999 1162 2043 obstruxisset
1191 2007 1233 2043 et
1252 2001 1469 2042 Romanos
1490 1999 1546 2041 ad
1565 2014 1805 2057 repugnan-

308 2056 411 2098 dum
441 2056 672 2098 animasset
684 2063 714 2109 ⁶,
746 2057 821 2112 qui
850 2055 1005 2099 deinde
1035 2057 1233 2099 conversi
1268 2056 1324 2098 ad
1354 2055 1543 2099 studium
1573 2056 1709 2112 pacis,
1737 2056 1805 2100 vel

308 2111 426 2168 quod
463 2110 573 2154 bello
611 2112 802 2169 undique
838 2119 1105 2169 urgerentur,
1143 2112 1212 2155 vel
1249 2112 1365 2169 quod
1396 2118 1545 2154 contra
1573 2113 1803 2168 patricium

309 2182 435 2210 suum
463 2182 705 2224 repugnare
734 2169 915 2225 impium
934 2169 1025 2211 fore
1055 2168 1376 2223 arbitrarentur,
1405 2169 1661 2225 legationem
1681 2170 1805 2212 mise-

309 2231 408 2266 runt
420 2232 449 2278 ⁷,
479 2229 679 2280 rogantes
709 2238 760 2266 ea
791 2239 901 2281 quae
931 2226 1054 2281 pacis
1083 2231 1196 2279 sunt,
1226 2226 1478 2281 persistente
1508 2223 1805 2268 Hildebrando

308 2294 424 2336 papa
452 2281 496 2321 in
527 2280 765 2323 obstinatae
795 2281 949 2323 mentis
978 2282 1228 2335 intentione,
1259 2295 1345 2337 qua
1373 2295 1519 2336 regem
1538 2280 1804 2323 Henrichum

309 2337 576 2378 iudicaverat
614 2335 794 2391 dignum
834 2351 926 2379 esse
962 2337 1060 2379 odio
1091 2338 1294 2390 omnium,
1335 2343 1484 2392 utpote
1513 2338 1806 2379 excommuni-

310 2398 453 2433 catum
483 2407 510 2433 a
539 2407 597 2445 se,
627 2392 811 2457 ideoque
840 2393 1065 2449 indignum
1100 2408 1198 2434 eum
1228 2407 1320 2434 esse
1349 2392 1590 2448 aliquorum
1619 2394 1695 2449 qui
1723 2395 1805 2436 rite

311 2446 498 2490 colerent
527 2448 669 2490 Deum
705 2463 821 2501 visu,
861 2448 1128 2491 allocutione.
1192 2448 1318 2490 Unde
1359 2462 1456 2489 cum
1486 2447 1624 2502 vellet,
1662 2451 1805 2506 potius

311 2518 412 2545 oves
443 2503 602 2545 Christi
634 2502 825 2560 dispergi
861 2504 930 2547 vel
960 2504 1112 2559 occidi,
1150 2518 1278 2560 quam
1309 2518 1408 2545 cum
1438 2518 1539 2560 rege
1569 2505 1804 2561 pacificari,

314 2625 348 2666 1)
375 2624 469 2658 Ibid.
496 2636 532 2669 p.
554 2625 635 2658 153.
713 2626 749 2668 2)
777 2626 940 2669 Gregorii
967 2626 1087 2670 Opera
1114 2626 1143 2665 Ι,
1169 2637 1203 2669 p.
1227 2626 1330 2659 1485.
1407 2627 1445 2668 3)
1472 2627 1515 2661 A.
1546 2626 1650 2669 1081,
1676 2627 1804 2669 Mart-3

312 2674 358 2707 cf.
385 2674 525 2707 initium
553 2684 583 2708 c.
601 2673 659 2708 17.
735 2676 773 2716 4)
799 2676 935 2708 Auctor
960 2686 1080 2718 regem
1106 2674 1390 2718 placabiliorem,
1417 2687 1524 2719 quam
1550 2687 1588 2709 re
1606 2687 1692 2710 vera
1719 2680 1804 2717 erat,

310 2723 380 2756 hoc
405 2722 486 2756 loco
515 2722 677 2767 depingit
703 2723 765 2764 (cf.
791 2724 984 2757 Decretum
1011 2724 1138 2767 synodi
1164 2724 1410 2767 Brixiniensis,
1435 2723 1528 2758 Jaffe
1550 2725 1595 2765 V,
1615 2725 1689 2768 64).
1730 2725 1803 2759 Sed

310 2782 355 2805 ne
384 2771 595 2815 Gregorium
623 2772 768 2815 quidem
796 2772 842 2804 ad
868 2783 994 2817 pacem
1021 2783 1234 2816 propensum
1261 2773 1383 2814 fuisse,
1417 2773 1535 2807 elucet
1569 2785 1613 2807 ex
1640 2773 1802 2818 epistulis

313 2822 388 2854 eius
429 2819 538 2862 (Jaffe
579 2821 630 2854 ΙΙ.
670 2822 760 2864 Reg.
787 2821 870 2862 VII,
905 2822 987 2862 1483
1030 2822 1134 2863 VIII,
1169 2821 1248 2855 20³.
1279 2823 1354 2863 34).
1479 2822 1516 2864 5)
1561 2822 1614 2856 cf.
1658 2823 1682 2856 1.
1708 2822 1740 2865 1,
1768 2823 1801 2856 6.
1849 2864 1851 2866 Ι

313 2869 351 2911 6)
382 2870 475 2912 Reg.
500 2870 604 2909 VIII,
635 2870 694 2903 34.
731 2874 766 2903 et
799 2870 857 2903 27.
986 2871 1019 2913 7)
1061 2870 1116 2905 cf.
1152 2870 1323 2904 Bernoldi
1357 2871 1477 2904 chron.
1516 2871 1598 2912 (SS.
1623 2871 1667 2913 V,
1693 2870 1804 2913 437„

310 2918 521 2951 Ekkehardi
549 2918 668 2952 chron.
696 2919 777 2962 (SS.
804 2919 868 2959 VI,
895 2918 995 2962 205).
1046 2919 1102 2952 Ab
1129 2919 1183 2953 his
1210 2931 1280 2953 non
1307 2922 1438 2954 mentio
1464 2919 1504 2954 fit
1529 2920 1732 2963 legationis.
