1878 3308
344 303 390 335 82
590 303 657 336 DE
689 301 901 336 UNITATE
928 300 1199 334 ECCLESIAE
1228 300 1595 335 CONSERVANDA.

244 429 432 459 1085.non
475 413 632 456 habeat
675 414 937 469 coniugium,
983 412 1058 455 sed
1101 427 1158 455 ex
1206 413 1576 469 consanguinitate
1619 413 1843 466 sociatum,

346 470 504 523 iudico,
543 470 654 512 inter
689 484 789 511 eum
826 475 869 512 et
912 483 1092 511 uxorem
1129 470 1221 510 eius
1258 468 1352 511 fieri
1386 468 1642 511 divortium’.
1701 468 1845 511 Huius

346 527 496 568 iudicii
526 526 780 568 sententiam
811 540 908 567 cum
933 539 1019 567 non
1039 525 1351 581 approbassent
1378 524 1616 568 assidentes
1637 525 1844 581 episcopi,

347 582 552 635 dicentes,
581 583 776 638 agendae
806 581 932 622 huius
972 582 1032 624 rei
1069 588 1240 637 tempus
1271 587 1373 623 tunc
1401 595 1490 623 non
1517 596 1623 635 esse,
1654 580 1844 623 secundo

346 638 502 691 intulit,
534 653 578 680 se
602 638 794 680 iudicare
815 638 976 681 bonum
1007 644 1049 679 et
1075 638 1234 679 iustum
1256 651 1363 690 esse,
1391 643 1439 680 ut
1466 651 1535 679 res
1555 636 1845 692 ecclesiarum,

348 709 456 752 quas
489 694 682 737 Saxones
710 701 752 736 at
785 709 839 736 ue
868 693 1082 749 Thuringi
1110 698 1400 749 usurpassent,
1428 694 1474 735 in
1509 694 1708 750 proprios
1740 707 1847 736 usus

346 751 669 794 restituerentur
685 765 763 807 spo
782 750 878 792 iatis
896 749 1087 792 ecclesiis
1102 758 1231 806 atque
1257 750 1544 804 monasteriis,
1569 749 1725 806 quibus
1745 749 1846 792 fuis-

350 813 446 849 sent
466 806 632 849 oblatae
652 820 703 848 ac
724 807 819 848 Deo
845 812 1132 852 consecratae,
1177 805 1299 848 Haec
1321 819 1493 870 quoque
1515 806 1726 848 sententia
1749 819 1847 847 cum

348 877 435 905 non
464 862 698 919 placuisset
726 862 979 919 episcopis¹‚
1010 868 1157 918 utpote
1186 860 1437 904 timentlbus
1477 860 1693 904 offendere
1726 875 1848 918 prae-

350 919 531 961 sentiam
568 919 811 970 noxiorum,
856 920 929 975 qui
967 919 1127 974 pariter
1165 924 1454 960 convenerant
1490 917 1545 960 ad
1583 917 1848 960 roborandas

350 980 492 1032 partes
531 975 837 1017 coniurationis
872 989 988 1028 suae,
1027 981 1130 1016 tunc
1166 974 1379 1030 rogabant
1421 975 1518 1031 ipsi,
1562 974 1772 1039 rogabant
1807 979 1850 1015 et

350 1031 424 1074 alii
442 1031 658 1088 principes
680 1030 910 1084 saxoniae,
940 1036 999 1084 ut,
1030 1029 1095 1072 his
1115 1037 1246 1086 atque
1271 1030 1516 1073 huiusmodi
1541 1030 1722 1084 omlssis,
1753 1043 1850 1071 con-

351 1089 527 1130 sentiret
563 1102 661 1129 cum
699 1087 761 1129 eis
798 1086 852 1128 ad
893 1101 943 1129 ea
981 1101 1089 1143 quae
1128 1087 1369 1143 coepissent
1405 1089 1557 1142 agere3
1593 1101 1638 1129 se
1676 1085 1851 1143 quidem

352 1144 614 1192 convenisse,
645 1149 694 1185 ut
716 1149 961 1196 tractarent,
997 1142 1213 1199 quomodo
1244 1141 1473 1185 defendere
1501 1147 1678 1199 possent
1705 1147 1851 1199 partes

352 1214 403 1242 ac
432 1199 575 1242 studia
603 1199 670 1242 sui
700 1198 901 1255 Gregorii
929 1213 1068 1255 papae
1099 1199 1189 1240 eius
1223 1213 1276 1240 ue
1306 1198 1533 1242 anathema
1562 1200 1677 1242 circa
1703 1212 1852 1254 regem

352 1255 620 1298 Henrichum
650 1270 856 1298 renovare
885 1269 936 1297 ac
966 1254 1126 1311 populo
1156 1255 1200 1296 in
1232 1255 1344 1298 icare
1355 1262 1384 1309 ²,
1415 1254 1531 1312 quod
1561 1254 1852 1297 excommuni-

354 1318 474 1354 catus
505 1312 560 1353 sit
591 1312 728 1353 omnis
758 1317 800 1353 et
828 1310 972 1353 salvus
999 1325 1093 1352 esse
1122 1326 1208 1355 non
1237 1311 1385 1368 possit,
1446 1311 1612 1368 uisquis
1633 1310 1852 1353 Henricho

353 1383 399 1411 re
432 1368 447 1409 i
474 1367 519 1409 in
547 1366 693 1424 aliquo
723 1367 1118 1409 communicaverit.
1162 1367 1275 1410 Tum
1304 1366 1374 1409 ille
1449 1373 1508 1410 tto
1538 1366 1678 1409 flexus
1708 1365 1853 1409 estad

354 1438 410 1466 vo
428 1431 620 1466 untatem
658 1438 807 1467 eorum
845 1429 887 1466 et
916 1425 1146 1478 consensit,
1186 1424 1287 1480 quia
1314 1428 1440 1466 vento
1470 1424 1632 1479 agitata
1658 1422 1853 1465 harundo

355 1480 510 1523 extitit.
569 1479 898 1523 Damnaverunt
932 1479 1087 1521 iterum
1137 1494 1286 1521 omnes
1332 1480 1407 1536 qui
1443 1479 1622 1522 aderant
1659 1478 1855 1535 episcopi

356 1535 623 1578 Henrichum
659 1551 805 1592 regem
846 1542 888 1578 et
924 1535 1265 1578 iustificaverunt
1301 1534 1444 1578 multis
1478 1535 1619 1579 modis
1649 1535 1716 1578 sui
1747 1534 1854 1577 Gre-

356 1593 468 1648 gorii
497 1599 677 1648 partem,
717 1599 892 1648 agentes
921 1592 1006 1648 ipsi
1036 1593 1180 1634 omnia
1209 1597 1358 1634 contra
1385 1591 1556 1648 regulas
1591 1597 1634 1634 et
1660 1591 1856 1634 instituta

357 1648 578 1702 ecclesiae,
611 1649 685 1704 qui
712 1663 799 1690 non
829 1648 1129 1690 convenissent
1157 1647 1213 1690 ad
1242 1647 1454 1704 synodum
1482 1648 1526 1690 in
1555 1647 1651 1690 loco
1681 1645 1855 1699 celebri,

356 1705 401 1746 in
421 1705 593 1746 civitate
614 1703 778 1746 scilicet
796 1703 1047 1760 episcopali,
1078 1704 1151 1760 qui
1173 1705 1471 1746 convenissent
1498 1704 1543 1745 in
1561 1703 1680 1746 festis
1701 1702 1855 1745 diebus

356 1774 526 1817 pascae,
570 1760 616 1801 in
659 1759 812 1802 diebus
852 1759 1016 1801 scilicet
1051 1758 1198 1815 gaudii
1243 1766 1286 1802 et
1322 1759 1523 1815 laetitiae,
1567 1766 1615 1802 ut
1657 1759 1854 1802 miserias

357 1817 613 1858 miserorum
651 1830 705 1858 au
739 1821 871 1869 erent,
907 1821 955 1858 ut
985 1815 1214 1858 seditiones
1243 1829 1294 1856 ac
1321 1814 1485 1871 proelia
1512 1822 1780 1869 renovarent,
1809 1819 1858 1858 ut

359 1873 488 1914 etiam
531 1871 662 1914 fidem
706 1831 985 1917 destruerent.
1043 1870 1171 1914 Unde
1214 1870 1392 1913 audiant
1433 1872 1516 1928 ipsi
1553 1870 1857 1914 iustificatores

359 1929 426 1970 sui
457 1928 658 1984 Gregorii
693 1934 736 1970 et
771 1927 1042 1970 damnatores
1079 1928 1350 1983 imperatoris
1380 1927 1602 1982 Henrichi,
1645 1941 1744 1969 cum
1772 1928 1857 1993 ipsi

359 1984 497 2040 magis
539 1985 622 2027 sint
658 1983 862 2036 damnati,
901 1990 1050 2040 utpote
1087 1983 1374 2026 destructores
1412 1983 1527 2039 fidei,
1566 1982 1756 2036 audiant,
1795 1999 1857 2025 ln-

361 2055 504 2097 quam,
544 2040 597 2083 de
634 2039 879 2082 huiusmodi
915 2040 1168 2082 sententiam
1206 2040 1342 2081 sancti
1372 2054 1511 2096 papae
1541 2038 1727 2082 Gelasii:
1773 2049 1857 2083 Non

362 2112 436 2140 tam
454 2111 602 2150 propter
627 2105 819 2150 religionis,
845 2096 1027 2152 inquitss,
1056 2117 1202 2139 causam
1226 2106 1367 2139 student
1393 2105 1681 2149 dispositionibus
1701 2103 1858 2149 publicis

363 2156 517 2198 obviare,
543 2156 606 2189 sed
624 2155 747 2198 potius
767 2166 836 2198 per
862 2156 1078 2190 occasionem
1110 2154 1230 2198 reyiae
1256 2155 1498 2198 alligationisa
1523 2154 1732 2189 catholicam
1745 2154 1859 2198 fidem

361 2204 555 2237 moliuntur
580 2209 732 2238 evertere
757 2209 788 2237 et
814 2205 879 2238 calz·
904 2200 1127 2238 commertiob
1161 2207 1304 2246 sperata
1322 2208 1522 2247 praestare,
1549 2215 1628 2238 cum
1653 2215 1713 2247 eqo
1740 2207 1772 2237 et
1796 2202 1856 2236 de-

363 2264 479 2287 cessor
504 2264 601 2287 meus
626 2265 698 2286 non
715 2253 827 2286 solum
844 2253 984 2287 minime
1008 2253 1048 2286 in
1073 2252 1141 2285 hac
1160 2256 1267 2295 parte
1293 2252 1533 2287 damnationis
1553 2263 1678 2286 nomen
1703 2251 1856 2295 impera-

364 2301 449 2335 toris
484 2301 713 2346 attigerimus,
748 2302 810 2335 sed
834 2302 993 2345 insuper,
1015 2305 1206 2345 postquam
1232 2301 1382 2344 adeptus
1409 2307 1458 2335 est
1482 2301 1616 2345 regiam
1635 2304 1856 2344 potestatem,

364 2350 563 2394 honorificis
589 2362 669 2383 eum
694 2349 804 2384 literis
829 2352 989 2384 salutare
1015 2350 1229 2384 curavimus.
1282 2349 1492 2384 Sacerdotes
1515 2354 1642 2392 autem,
1668 2349 1731 2392 qui
1748 2358 1858 2391 prae·-

363 2399 622 2433 varicatoribus
648 2410 685 2432 se
711 2400 985 2433 communicasse
1005 2399 1159 2442 propria
1183 2409 1266 2432 voce
1284 2399 1435 2442 confessi
1459 2403 1552 2440 sunt,
1580 2410 1603 2431 a
1620 2397 1859 2432 communione

365 2448 558 2489 apostolica
590 2448 839 2482 submoverunt
871 2448 1067 2482 decessores
1101 2446 1180 2488 mei,
1215 2446 1342 2489 quibus
1375 2447 1504 2481 scilicet
1527 2447 1707 2480 damnatis
1733 2445 1766 2479 si
1789 2443 1861 2488 ipsi

358 2502 478 2544 placet
510 2501 659 2544 misceri,
692 2513 766 2535 non
799 2507 914 2545 potest
947 2503 1059 2544 nobis,
1093 2491 1247 2547 inquit,
1277 2501 1460 2544 imputari,
1494 2513 1518 2534 a
1550 2500 1678 2544 quibus
1712 2500 1745 2533 si
1777 2489 1875 2534 ‘velit‘

365 2628 396 2663 a)
418 2629 586 2661 legationis
607 2629 666 2656 θεῖ.
747 2628 779 2663 b)
802 2631 974 2656 commento
997 2629 1055 2655 Get.

370 2747 407 2792 1)
434 2749 634 2782 Discidium
653 2748 833 2792 quoddam
854 2750 948 2781 inter
968 2748 1193 2782 adversarios
1211 2748 1360 2780 Henrici
1379 2751 1539 2781 exortum
1559 2751 1646 2782 erat.
1682 2747 1737 2781 cf.
1757 2747 1860 2791 epist.

366 2797 479 2837 illam,
506 2808 610 2840 quam
629 2798 830 2831 Willelmus
852 2798 964 2831 abbas
981 2798 1250 2840 Hirsaugiensis
1275 2797 1322 2829 ad
1339 2797 1595 2830 Herimannum
1621 2807 1744 2840 regem
1766 2796 1870 2829 misit>

367 2846 600 2890 (Sudendorf‚
622 2847 776 2890 Registr.
797 2847 854 2880 15.
876 2846 947 2889 16).
987 2847 1114 2879 Mirum
1138 2850 1202 2888 est,
1229 2845 1324 2889 quod
1343 2845 1562 2879 Waltramus
1588 2846 1664 2879 eius
1686 2844 1860 2889 epistulae

370 2897 583 2928 mentionem
624 2907 693 2928 non
729 2896 828 2928 facit.
955 2896 991 2937 2)
1032 2895 1086 2929 cf.
1119 2894 1290 2928 Bernoldi
1322 2895 1415 2929 Anu.
1454 2895 1533 2936 (SS.
1558 2895 1603 2936 V,
1639 2893 1722 2927 442.
1758 2886 1872 2936 4432?

369 2944 409 2989 3)
435 2945 632 2978 Hinschius
660 2957 694 2988 p.
723 2945 808 2978 637.
