1878 3308
351 301 419 333 144
609 302 675 334 DE
702 302 912 335 UNITATE
940 301 1213 336 ECCLESIAE
1241 301 1610 337 OONSERVANDA.

309 402 314 406 .
348 415 483 456 stinus
501 414 544 455 in
562 413 671 456 libro
692 414 838 470 quinto
857 414 910 456 de
926 414 1097 456 civitate
1112 414 1231 467 Dei¹‚
1251 428 1443 457 asserens
1458 416 1683 458 veritatem
1701 415 1842 458 catho-

135 654 247 681 1.Petr.
258 654 336 688 2,13.

130 1545 171 1572 cf.
179 1545 259 1572 Phil.
270 1546 297 1580 2,
306 1546 332 1573 6.

180 2311 209 2338 2.
221 2310 328 2336 Thess.

222 2350 250 2384 3,
263 2350 309 2376 17.

346 470 454 512 licae
479 469 601 524 fidei3
625 484 752 527 quam
773 477 886 512 certe
907 469 1037 512 fidem
1059 469 1312 512 catholicam
1333 485 1429 512 cum
1450 485 1528 514 nos
1547 478 1768 514 teneamus
1798 479 1842 515 et

348 526 640 580 confiteamur,
661 533 804 568 tamen
821 526 996 568 heretici
1012 541 1104 569 esse
1125 532 1167 569 et
1186 526 1418 569 scismatici
1436 527 1491 570 ab
1506 527 1752 570 hominibus
1768 543 1840 570 ex-

347 590 492 626 ternae
514 583 824 625 communionis
848 582 1135 636 inscribimur,
1160 583 1360 640 quoniam
1384 583 1505 625 iuxta
1520 583 1757 627 doctrinam
1780 592 1839 627 at-

350 655 432 697 que
453 639 700 682 mandatum
721 638 835 682 beati
850 639 967 682 Petri
991 638 1174 695 apostoli
1193 654 1271 681 nos
1293 638 1452 682 subditi
1472 654 1618 683 sumus
1636 641 1730 696 regi
1749 641 1840 683 tan-

350 710 478 754 quam
518 694 792 751 praecellenti
829 697 919 738 sive
955 695 1140 738 ducibus
1177 702 1383 754 tanquam
1422 695 1477 737 ab
1515 710 1566 738 eo
1605 696 1759 750 missis,
1796 704 1839 739 et

348 752 448 809 quia
488 753 616 794 etiam
653 751 1019 794 communicamus
1049 751 1240 808 pontifici
1270 750 1532 808 apostolicae
1565 751 1693 799 sedis.
1752 752 1838 795 Sed

347 809 420 865 qui
460 807 646 851 debeant
683 807 900 850 aestimari
938 807 1006 850 vel
1046 807 1243 850 catholici
1272 807 1341 850 vel
1369 806 1560 862 heretici,
1593 808 1756 874 poterit
1782 823 1840 851 ex

347 863 489 906 studio
525 863 825 907 alterutrorum
867 863 1025 920 colligi,
1064 865 1186 907 iuxta
1223 864 1339 921 quod
1377 865 1422 906 in
1461 864 1672 922 superiori
1699 863 1838 915 libro²

345 919 489 977 aliqua
518 934 665 963 eorum
685 927 807 977 gesta
835 926 877 963 et
905 935 1046 963 mores
1075 920 1393 977 descripsimus.
1439 919 1550 963 Cum
1570 920 1704 964 nostri
1724 920 1840 963 deni-

347 991 429 1033 que
459 976 692 1019 adversarii
730 982 962 1019 exeuntes¹¹
991 991 1017 1018 a
1046 977 1183 1032 nobis,
1211 991 1299 1019 non
1328 991 1407 1019 nos
1436 976 1492 1019 ab
1521 975 1619 1032 illis,
1647 977 1841 1020 fecerunt

347 1035 504 1075 scisma
541 1033 587 1074 in
623 1032 913 1076 ecclesiastico
953 1047 1143 1090 corpore,
1182 1033 1366 1090 professi
1409 1033 1537 1076 etiam
1581 1034 1626 1075 in
1669 1034 1839 1090 scriptis

346 1090 449 1143 suis,
478 1104 523 1131 se
553 1088 781 1132 defendere
810 1096 975 1146 partem
1006 1090 1072 1132 sui
1094 1104 1233 1155 papae
1255 1089 1470 1145 Gregorii,
1501 1088 1700 1156 qualibus
1726 1095 1839 1132 certe

346 1145 496 1188 scribit
514 1145 774 1202 apostolicus
797 1146 947 1188 doctor
966 1144 1164 1188 Gelaslus
1176 1153 1212 1188 ⁸:
1247 1155 1407 1190 Tollatur
1424 1167 1516 1200 erqo,
1541 1145 1692 1203 lnquit,
1712 1166 1839 1190 nomen

345 1217 363 1240 e
388 1206 514 1248 medio,
542 1207 636 1249 quod
661 1206 886 1240 ecclesiarum
911 1206 1155 1240 discretionem
1174 1206 1305 1250 procul
1339 1217 1362 1238 a
1397 1205 1569 1239 catholica
1598 1205 1838 1240 oommwnione

346 1266 524 1304 operatur,
551 1266 591 1295 ut
614 1273 764 1305 syncera
781 1272 861 1304 pam
885 1261 977 1305 fidei
1001 1261 1322 1304 communionisque
1353 1266 1542 1303 reparetur
1566 1264 1598 1294 et
1622 1260 1762 1301 unitam·
1797 1256 1840 1292 et

343 1312 448 1348 tunc
494 1307 591 1363 quis
627 1314 822 1349 nostrum
852 1313 1001 1348 eontra
1039 1306 1324 1349 venerandam
1362 1304 1433 1347 vel
1461 1305 1741 1348 insurrexerit
1767 1305 1839 1347 vel

343 1363 503 1404 nitatur
545 1363 766 1417 insurgere
803 1368 1072 1417 vetustatem,
1114 1367 1405 1419 competenter
1440 1369 1484 1404 et
1520 1360 1710 1418 legitime
1743 1376 1838 1418 per-

375 1419 552 1473 uiratur,
583 1425 624 1461 et
653 1418 740 1461 illic
759 1419 998 1475 apparebit,
1030 1420 1125 1476 quis
1154 1418 1346 1461 modesto
1375 1418 1596 1474 proposito
1627 1417 1840 1460 custodiat

364 1489 526 1517 ormam
562 1476 921 1531 traditionemque
960 1475 1191 1529 maiorum,
1229 1476 1325 1531 quis
1364 1488 1496 1531 supra
1530 1474 1638 1517 haec
1676 1474 1839 1516 inreve-

345 1538 487 1575 renter
514 1530 720 1585 insiliens,
755 1532 851 1588 quis
885 1532 1037 1588 rapina
1065 1531 1287 1588 aequalem
1316 1545 1444 1587 posse
1474 1530 1568 1572 fieri
1595 1528 1838 1573 arbitretur.

457 1589 497 1629 2.
546 1587 668 1630 Haec
697 1588 924 1642 hactenus3
954 1601 1068 1629 nunc
1088 1602 1204 1640 vero,
1235 1589 1346 1629 sicut
1373 1601 1503 1643 supra
1521 1587 1795 1643 promisimus
1806 1593 1836 1638 ⁴,

345 1643 398 1685 de
436 1643 606 1699 scriptis
638 1643 872 1686 Clementis
901 1658 1040 1700 papae
1071 1644 1340 1697 disseremus,
1379 1642 1621 1699 probanteS,
1651 1657 1703 1686 ea
1731 1642 1833 1684 fidei

345 1698 579 1742 catholicae
608 1714 714 1752 esse,
745 1714 854 1755 quae
883 1700 951 1741 vir
981 1699 1157 1756 quidam
1187 1701 1361 1755 iniquus
1399 1705 1442 1740 et
1469 1698 1641 1740 dolosus
1671 1699 1838 1755 quaerit

375 1761 586 1798 ervertere
614 1755 844 1798 falsissima
872 1756 1233 1811 interpretatione,
1265 1755 1338 1811 qui
1359 1755 1487 1796 etiam
1514 1753 1640 1811 plura
1669 1761 1839 1811 praeter

342 1770 453 1854 gano
484 1826 612 1868 quam
643 1811 785 1854 adhuc
813 1812 858 1853 in
888 1826 1017 1853 manu
1046 1818 1239 1854 tenemus
1275 1809 1500 1866 epistolam
1535 1810 1759 1866 profitetur
1789 1819 1840 1852 se'

343 1868 568 1923 scripsisse
609 1874 758 1910 contra
797 1867 980 1910 eundem
1018 1867 1266 1923 pontificem
1304 1865 1568 1922 apostolicae
1601 1866 1737 1908 sedis:
1781 1867 1835 1908 In

343 1924 495 1978 libello,
523 1925 734 1981 inquiens,
765 1939 888 1980 quem
905 1924 1096 1979 fecimus
1125 1924 1204 1966 tibi
1232 1924 1380 1976 scribi,
1411 1925 1566 1979 optime
1597 1923 1655 1965 ad
1685 1924 1835 1964 omnia

342 1981 631 2037 respondet-ar
659 1982 727 2023 his
783 1996 867 2022 uae
894 1981 943 2022 in
969 1981 1176 2037 Wiyberti
1200 1978 1382 2036 epistola
1403 1981 1588 2022 invenis.
1629 1978 1715 2021 Sed
1737 1978 1833 2035 quis

343 2038 397 2079 sit
425 2037 481 2079 ad
510 2051 638 2093 quem
669 1996 841 2090 scrigat,
871 2042 1016 2078 textus
1046 2036 1281 2092 scripturae
1311 2050 1398 2077 non
1425 2034 1600 2088 indicat,
1630 2049 1726 2077 cum
1756 2049 1836 2077 nec

342 2093 506 2149 proprii
544 2093 729 2135 nominis
768 2108 851 2135 nec
887 2093 980 2135 eius
1009 2092 1066 2134 ad
1095 2107 1222 2148 quem
1253 2091 1457 2134 scribitur
1494 2089 1675 2148 epistola
1708 2089 1835 2133 voca-

342 2148 432 2192 buli
451 2150 711 2192 mentionem
731 2148 918 2206 aliquam
945 2149 1128 2205 scriptor
1147 2148 1309 2201 fecerit,
1341 2149 1415 2205 qui
1434 2147 1563 2190 etiam
1592 2148 1637 2188 in
1656 2146 1834 2189 exordio

341 2206 478 2262 ipsius
509 2205 715 2261 epistolae
745 2205 862 2258 dicit,
894 2205 1010 2262 quod
1041 2203 1338 2247 salutationem
1375 2204 1415 2246 ei
1450 2203 1686 2260 praefigere
1715 2202 1833 2256 nolit,

344 2277 443 2304 cum
473 2262 712 2318 praecipiat
740 2261 900 2304 Paulus
929 2260 1147 2317 apostolus
1175 2261 1326 2303 fratres
1355 2259 1541 2302 salutare
1576 2274 1621 2301 se
1649 2259 1833 2302 invicem

343 2319 388 2359 in
412 2317 557 2360 osculo
588 2323 760 2360 sancto:
790 2319 906 2374 quod
934 2324 1122 2374 siynum,
1151 2317 1303 2373 inquit,
1334 2317 1616 2359 salutationis
1645 2317 1696 2358 in
1717 2317 1835 2358 omni

344 2373 529 2429 epistola
548 2375 614 2416 ita
634 2374 774 2416 scribo
783 2390 799 2427 ;
832 2381 958 2430 atque
988 2375 1084 2415 ideo
1105 2389 1327 2429 rogamus,
1355 2373 1426 2426 ait,
1458 2388 1533 2415 vos
1548 2372 1724 2428 fratres
1749 2386 1834 2426 per

345 2430 579 2472 adventu-m
615 2431 783 2472 domini
820 2431 960 2472 nostri
988 2430 1089 2471 Iesu
1123 2429 1286 2472 Christi
1322 2435 1360 2470 et
1388 2435 1563 2470 nostrae
1592 2442 1831 2484 conqreqa-

341 2488 473 2528 tionis
511 2488 561 2528 in
597 2486 647 2527 id
681 2487 840 2541 ipsum,
881 2493 929 2527 ut
957 2501 1046 2528 non
1076 2487 1158 2527 cito
1189 2485 1449 2526 moveamini
1479 2500 1507 2526 a
1537 2490 1675 2526 vestro
1705 2498 1834 2525 sensu

342 2557 478 2598 neque
515 2543 769 2584 terreamini
806 2557 941 2597 neque
975 2557 1059 2598 per
1089 2542 1292 2597 spiritum
1328 2555 1463 2597 neque
1484 2555 1572 2597 per
1601 2554 1833 2582 sermonem

343 2679 374 2715 a)
395 2681 555 2713 exigentes
579 2683 605 2707 1.

346 2805 383 2848 1)
409 2805 600 2848 Augustini
636 2805 755 2848 Opera
780 2805 864 2846 VII,
892 2817 926 2849 p.
956 2805 1037 2838 126.
1141 2805 1179 2848 2)
1219 2807 1272 2838 Ex
1307 2806 1362 2838 his
1393 2805 1511 2838 verbis
1547 2807 1708 2848 apparet,
1733 2802 1833 2836 Wal-

342 2858 492 2887 tramum
525 2854 801 2898 disputationem
828 2865 927 2887 suam
954 2856 991 2887 in
1021 2859 1093 2888 tres
1119 2854 1230 2888 libros
1261 2855 1441 2895 divisisse,
1468 2858 1503 2887 et
1537 2854 1581 2886 ab
1614 2853 1683 2885 hoc
1715 2852 1832 2896 capite

342 2905 484 2936 tertium
526 2903 653 2937 librum
687 2904 861 2946 incipere.
968 2902 1007 2946 3)
1042 2903 1192 2937 Hinsch.
1228 2903 1251 2937 l.
1279 2914 1311 2936 c.
1344 2915 1379 2946 p.
1409 2904 1492 2936 641.
1598 2900 1639 2944 4)
1672 2900 1757 2933 Lib.
1781 2899 1834 2938 11,

342 2962 374 2987 c.
401 2952 459 2994 22,
485 2953 546 2986 ubi
574 2953 789 2986 Waltramus
817 2953 971 2985 dixerat:
999 2952 1088 2986 sicut
1108 2952 1336 2995 probabimus
1360 2952 1400 2984 in
1425 2951 1583 2995 sequenti
1608 2949 1708 2984 libro.
