1878 3308
290 268 337 300 20
541 267 608 299 DE
635 264 845 299 UNITATE
872 264 1143 298 ECCLESIAE
1172 264 1537 300 CONSERVANDA.

292 380 346 421 ab
376 385 551 434 aspectu
581 379 809 421 Romanae
839 377 974 430 urbis,
1006 375 1163 418 deinde
1194 377 1247 419 ab
1279 379 1476 421 omnibus
1504 378 1706 434 ecclesiis,
1735 386 1783 422 ut

291 437 349 477 iis
391 435 503 477 nihil
547 449 600 476 esc
643 434 848 487 moribus,
886 432 999 475 nihil
1038 446 1090 473 ew
1129 431 1295 488 leyibus
1335 436 1391 476 sit
1427 450 1646 478 commune
1685 451 1781 478 cum

292 489 532 543 catholicis,
564 491 772 546 quoniam
802 490 915 546 quod
943 490 991 530 in
1021 487 1231 543 reliyione
1261 489 1416 532 divina
1433 506 1576 547 prave
1596 494 1783 535 commit-

291 549 398 590 titur
428 547 488 588 ad
516 548 731 589 iniuriam
767 545 964 588 omnibus
994 543 1195 600 refertur.
1253 545 1402 602 Neque
1437 562 1537 590 vero
1576 549 1780 590 heretico-

293 619 403 656 rum,
425 603 607 659 inquit1,
637 603 863 655 clementia,
896 603 985 644 sive
1017 602 1357 643 scismaticorum
1383 604 1640 657 pertinacia
1660 613 1809 648 cone?

292 665 394 701 tura
429 658 611 701 ulterius
655 663 915 714 perpetrare
962 671 1071 712 quae
1107 659 1314 714 repperit,
1354 673 1492 714 neque
1530 660 1588 702 iis
1623 659 1783 704 illicita

294 715 445 758 habere
485 714 674 758 concilia
711 716 799 757 sive
832 712 1032 769 profana
1075 728 1259 769 usquam
1303 713 1454 757 docere
1497 721 1575 757 aut
1618 716 1781 759 discere

285 777 530 827 praecepta
568 770 735 813 licitum
771 771 838 823 sit,
879 784 1013 825 neque
1054 770 1267 812 antistites
1310 771 1543 814 eorundem
1587 773 1781 815 audeant

281 827 432 882 fidem,
476 842 605 883 quam
649 841 737 868 non
782 826 950 879 habent,
994 826 1255 868 insinuareb
1299 842 1375 869 nec
1415 828 1650 882 ministros,
1686 844 1782 871 cum

294 885 384 939 ipsi
412 898 501 925 non
521 884 609 925 sint
628 883 821 924 ministri
840 882 940 935 Dei,
970 896 1129 923 creare.
1178 881 1387 931 Quotiens
1417 889 1571 937 autem,
1600 884 1740 942 inquit
1752 891 1783 938 ²,

292 940 344 982 de
373 939 584 995 religione
615 940 778 995 ayitur,
809 939 1033 994 episcopos
1062 940 1259 980 convenit
1292 939 1509 993 iudicare,
1544 940 1594 982 in
1633 943 1784 984 ceteris

291 1010 390 1038 vero
421 996 583 1048 causis,
623 1010 734 1051 quae
775 995 835 1036 ad
864 1009 991 1036 usum
1015 994 1185 1049 publici
1213 996 1327 1037 iuris
1354 996 1587 1051 pertinent,
1615 996 1783 1062 leyibus

293 1057 459 1107 oportet
479 1057 787 1106 optemperare.
830 1048 1086 1092 Constituit³
1116 1051 1243 1092 etiam
1274 1051 1386 1093 idem
1408 1051 1620 1095 Arcadius
1649 1067 1780 1110 lmpe-

291 1114 409 1149 rator
447 1122 545 1149 cum
581 1107 711 1149 fratre
749 1120 826 1148 suo
857 1105 1062 1159 Honorio,
1101 1120 1236 1163 aeque
1269 1106 1477 1150 catholico
1512 1108 1570 1149 im
1604 1114 1782 1163 emtore,

292 1162 474 1207 ecclesia
508 1163 790 1220 supplicante,
828 1168 888 1217 ut,
926 1162 1135 1218 quicquid
1173 1178 1202 1204 a
1230 1164 1346 1206 divis
1370 1165 1574 1221 principi
1601 1179 1783 1208 us‘con-

292 1221 484 1262 stitutum
513 1225 586 1273 est,
618 1219 680 1262 vel
709 1220 748 1261 si
778 1234 889 1275 quae
908 1218 1076 1274 sinyuli
1106 1220 1264 1275 quique
1285 1221 1501 1262 antistites
1524 1235 1612 1276 pro
1633 1223 1782 1264 causis

293 1275 591 1318 ecclesiasticis
620 1277 924 1331 impetrarant,
955 1274 1032 1317 sub
1054 1290 1205 1330 poena
1235 1275 1462 1333 sacrileyii
1501 1276 1784 1320 aeternaliter

293 1338 608 1375 conserventur.
655 1331 848 1385 Quorum
877 1345 988 1372 unus
1016 1331 1192 1372 antistes
1210 1331 1441 1386 Romanus,
1473 1331 1636 1376 scilicet
1654 1334 1782 1375 Boni-

291 1387 438 1441 facius,
482 1387 681 1443 scripsit⁴¹
718 1387 828 1429 inter
867 1392 1008 1428 cetera
1045 1386 1100 1429 ad
1140 1386 1323 1430 eundem
1361 1388 1600 1431 Honorium
1638 1389 1783 1432 verbis

294 1443 579 1500 supplicibus:
608 1453 710 1497 Ipsa,
734 1443 945 1499 inquiens,
969 1452 1113 1487 ecclesia
1130 1453 1345 1488 devotionem.
1362 1459 1472 1496 tuam,
1494 1455 1783 1490 christianissime

293 1503 493 1548 imperator,
519 1515 592 1538 meo
630 1503 773 1546 quidem
806 1514 973 1543 sermone,
1013 1502 1074 1535 sed
1112 1513 1174 1535 suo
1217 1503 1410 1537 venerabili
1446 1504 1604 1548 appellat
1641 1506 1782 1548 affeetu,

293 1563 398 1596 quam
416 1552 572 1586 Christus
591 1551 689 1585 Deus
711 1557 837 1592 noster,
864 1550 971 1585 vestri
986 1551 1087 1594 fidus
1105 1556 1217 1584 rector
1242 1557 1273 1585 et
1296 1552 1511 1596 qubernator
1534 1553 1685 1596 imperii,
1712 1555 1777 1587 wni

293 1602 539 1644 desponsatam
566 1601 632 1634 sibi
657 1604 688 1634 et
713 1601 882 1633 intactam
907 1599 1077 1643 virqinem
1103 1605 1230 1642 servat,
1263 1611 1305 1634 ne
1329 1601 1368 1634 in
1393 1611 1468 1634 eam
1499 1601 1636 1645 aliquos
1654 1602 1779 1646 patia-

292 1649 380 1683 mini
402 1649 650 1683 insidiantium
669 1649 908 1692 procellarum
923 1649 1056 1692 fluctus
1074 1648 1176 1689 illidi,
1203 1653 1234 1682 et
1250 1649 1403 1692 quietam
1413 1650 1550 1694 faciem
1566 1652 1779 1694 tempestatis

294 1698 454 1732 insolitae
472 1704 604 1731 tumore
622 1698 771 1739 turbari,
789 1696 1035 1741 gloriosissime
1053 1700 1083 1729 et
1102 1698 1388 1740 tranquillissime
1404 1699 1595 1742 imperator
1618 1705 1780 1745 aaquste,

293 1749 334 1785 et
376 1750 530 1796 cetera,
575 1741 729 1799 quibus
768 1742 882 1784 idem
921 1755 1034 1798 papa-
1068 1749 1279 1796 precatur,
1318 1749 1367 1784 ut
1401 1757 1427 1784 a
1461 1745 1657 1801 principe
1694 1744 1777 1787 hoc

293 1813 465 1864 quoque
503 1798 1029 1864 constituatur,.quatinus
1068 1798 1250 1863 i.n.¹²¹'be
1279 1798 1417 1863 Roma
1451 1814 1670 1865 nunquam
1699 1815 1780 1857 per

292 1853 500 1898 ambitum
529 1859 704 1896 antlstes
727 1854 991 1906 ord1netur03
1023 1867 1094 1894 cul
1122 1860 1232 1896 mter
1261 1853 1345 1896 aha
1373 1856 1614 1912 rescrip81t⁵
1645 1857 1778 1913 impe-

293 1917 407 1953 rator
444 1911 679 1953 Honorius:
723 1920 834 1962 Illud,
874 1909 1083 1966 inquienS,
1125 1919 1256 1963 pietati
1297 1926 1436 1954 nostrae
1477 1922 1564 1955 satis
1599 1921 1781 1966 placuisse

293 1982 467 2015 cognosce,
493 1971 587 2014 quod
613 1969 845 2003 sanctimonia
869 1975 986 2004 vestra
1011 1968 1160 2003 sollicita
1186 1974 1235 2002 est
1259 1969 1302 2002 de
1319 1969 1543 2004 ecclesiarum
1568 1977 1631 2004 aut
1647 1971 1781 2015 populi

287 2020 567 2064 perturbatione.
619 2019 774 2052 Proinde
812 2020 972 2053 volumus
1005 2018 1044 2051 id
1077 2018 1124 2051 ad
1156 2023 1357 2052 cunctorum
1382 2019 1586 2053 clericorum
1617 2019 1778 2054 notitiam

289 2068 486 2112 pervenire,
519 2072 559 2101 ut
584 2067 698 2101 sciant
725 2079 851 2110 omnes,
888 2068 932 2101 ab
958 2066 1204 2101 ambitionibus
1231 2078 1304 2101 esse
1329 2068 1556 2109 cessandum‚·
1583 2081 1624 2103 ac
1649 2069 1682 2102 si
1705 2070 1776 2103 duo

293 2123 414 2152 contra
421 2119 490 2161 fas
507 2118 695 2151 temeritate
713 2121 946 2151 concertantes
958 2113 976 2140 d
985 2116 1126 2159 fuerint
1144 2116 1312 2157 ordinati,
1329 2117 1464 2150 nullum
1487 2128 1530 2151 ecc
1546 2117 1601 2151 his
1606 2119 1779 2161 futurum

287 2167 432 2210 penitus
464 2166 688 2207 sacerdotem,
723 2165 784 2199 sed
816 2166 916 2199 illum
950 2165 1061 2198 solum
1092 2165 1130 2197 in
1164 2165 1244 2198 sede
1279 2165 1472 2208 apostolica
1489 2177 1779 2209 permansurum,

294 2226 394 2259 quem
421 2227 462 2249 ea:
487 2226 631 2248 numero
658 2214 861 2248 clericorum
885 2225 979 2248 nova
1004 2212 1228 2247 ordinatione
1253 2213 1414 2248 divinum
1438 2215 1609 2248 iudicium
1641 2221 1672 2249 et
1697 2216 1777 2249 uni-

293 2264 468 2298 versitatis
494 2275 680 2298 consensus
707 2263 855 2307 eleyerit.
908 2263 1005 2296 Unde
1031 2262 1069 2295 id
1094 2262 1351 2295 observandum
1377 2268 1435 2304 est,
1470 2269 1511 2295 ut
1535 2275 1651 2297 omnes
1679 2269 1777 2297 trasn-

296 2312 442 2355 quillam
474 2318 618 2347 mentem
652 2317 683 2345 et
709 2312 876 2355 pacificos
912 2312 1046 2344 animos
1080 2321 1122 2344 eoe
1155 2311 1351 2344 serenitatis
1377 2317 1518 2345 nostrae
1543 2312 1781 2347 admonitione

296 2360 507 2403 custodiant,
531 2372 594 2395 nec
617 2361 754 2404 aliquid
779 2359 951 2394 seditiosis
977 2358 1293 2402 conspirationibus
1311 2365 1479 2404 temptare
1499 2366 1677 2403 conentur,
1700 2373 1780 2395 cum

296 2415 425 2443 certum
451 2409 506 2452 sit,
531 2410 624 2443 nulli
640 2410 803 2453 partium
827 2421 895 2442 sua
920 2407 1042 2442 studia
1059 2407 1266 2452 profutura.

404 2456 467 2496 10.
508 2454 629 2496 Haec
649 2468 786 2510 pauca
804 2453 856 2496 de
873 2453 1069 2510 plurimis
1089 2453 1460 2495 constitutionibus
1481 2453 1781 2496 ecclesiasticis

297 2511 385 2553 sive
401 2510 581 2552 Honorii
596 2511 687 2551 sive
701 2509 878 2552 Arcadii
891 2511 1195 2566 imperatorum
1212 2508 1397 2565 exempli
1407 2510 1547 2566 gratia
1557 2510 1780 2568 descripsi-

296 2625 327 2659 a)
350 2627 526 2652 continetur
549 2627 583 2657 ις
605 2626 708 2653 emend.
731 2625 765 2652 G.
847 2623 879 2658 b)
901 2625 1040 2651 minuere
1064 2625 1095 2656 13
1116 2625 1220 2650 emend.
1245 2623 1389 2652 Strui-ius.
1461 2623 1488 2659 e)
1513 2626 1634 2653 ordinet
1655 2627 1682 2661 1,
1703 2627 1784 2659 quod

295 2667 353 2691 iam
374 2665 409 2692 G.
431 2665 595 2691 emendavit.
678 2663 708 2697 d)
730 2665 772 2690 ita
793 2665 928 2697 Hinsch.;
950 2664 1190 2690 concertantium
1214 2665 1240 2690 1.

299 2759 335 2801 1)
362 2760 503 2793 Ibidem
529 2761 586 2793 tit.
604 2760 646 2801 V,
672 2759 695 2792 l.
715 2760 773 2792 24.
863 2758 901 2802 2)
928 2758 1067 2791 Ibidem
1093 2760 1148 2792 tit.
1168 2759 1233 2794 XI.
1325 2757 1364 2802 3)
1390 2759 1530 2793 Ibidem
1556 2764 1581 2794 t.
1600 2760 1650 2802 11,
1677 2760 1700 2794 1.
1720 2760 1781 2794 47.

296 2809 400 2842 Haec
424 2809 484 2842 lex
509 2819 531 2841 a
556 2808 809 2842 Valentiniano
838 2812 873 2841 et
898 2808 1100 2841 Theodosio
1127 2807 1203 2840 lata
1229 2811 1293 2841 est.
1393 2809 1431 2850 4)
1467 2808 1632 2852 Epistula
1657 2809 1782 2842 decre-

294 2863 410 2891 torum
448 2868 563 2901 papae
599 2858 776 2890 Bonifacii
814 2857 860 2890 ad
894 2857 1091 2890 Honorium
1127 2860 1315 2900 augustum
1351 2868 1407 2901 ap.
1443 2858 1657 2891 Hinschium
1694 2857 1719 2890 1.
1749 2867 1783 2890 c.

295 2918 331 2950 p.
360 2907 441 2939 554.
543 2904 581 2950 5)
607 2907 760 2940 Ibidem.
