1878 3308
301 251 370 286 DE
396 252 611 286 UNITATE
638 251 912 286 ECCLESIAE
939 250 1305 285 CONSERVANDA.
1524 251 1575 283 17

75 372 191 408 dua·
223 372 404 409 ωσιαίοο.
465 363 580 406 Satis
619 363 812 407 indicant
854 362 960 406 haec
997 361 1065 404 vel
1107 376 1247 418 pauca
1289 362 1342 404 de
1378 361 1570 418 plurimis

75 417 216 463 meu
241 418 463 462 Ambrosii
492 419 609 463 dicta
636 419 705 462 vel
731 419 857 471 facta,
887 417 1026 476 qualis
1055 425 1098 461 et
1127 425 1286 475 quanta
1312 418 1355 459 in
1377 417 1570 460 ecclesia·

75 473 197 518 stiois
214 472 345 518 rebus
364 487 419 518 ac
439 475 679 534 disciplinis
704 475 859 519 debeat
877 489 970 518 esse
1000 473 1266 516 discretionis
1286 474 1571 527 observantia,

74 544 132 574 ne
157 544 239 588 per
255 529 563 588 negligentiam
594 533 730 588 ipsius
749 530 1031 583 discretionis,
1061 531 1210 572 matris
1231 530 1420 572 omnium
1441 531 1571 572 virtu-

76 592 183 641 tum,
197 584 344 644 aliqua
354 588 544 631 oriantur
559 587 773 630 scandala.
793 587 1100 630 Veruntamen:
1129 586 1222 639 Vae,
1236 586 1388 644 inquit,
1405 587 1572 629 homini
1584 604 1688 630 κύω.
1702 605 1784 636 1s,·1.

75 641 162 697 illi,
183 658 272 700 per
298 657 423 699 quem
452 644 713 687 scandalum
742 645 871 686 venit.
928 642 1087 698 Magna
1124 642 1297 698 quidem
1327 648 1425 684 sunt
1452 656 1571 684 scan-

75 697 189 752 dds,
226 697 399 742 hereses
438 707 568 758 atque
606 700 818 754 scismata,
858 713 969 755 quae
1009 699 1196 741 ostendit
1236 697 1454 755 apostolus
1498 706 1572 740 aut

75 753 227 798 eadem
255 769 349 798 esse
386 763 462 799 aut
499 755 708 814 aequalia.
769 755 1143 808 convenientibus,
1181 755 1331 811 inquit,
1368 755 1485 797 vobis
1521 756 1570 796 in

75 825 215 854 unum
251 812 302 854 in
338 812 521 855 ecclesia
560 812 697 855 audio
733 813 950 854 scissuras
990 826 1090 864 esse,
1127 817 1165 852 et
1194 826 1247 853 ea:
1271 817 1401 867 parte
1429 811 1568 856 credo.

74 865 197 910 Nam
225 873 391 935 oportet
417 869 584 911 hereses
613 883 715 921 esse,
755 875 803 910 ut
840 874 878 909 et
907 868 985 924 qui
1045 867 1189 909 ‘tobati
1216 873 1318 909 sunt
1347 866 1572 921 manifesti

65 921 189 977 fiant
232 938 285 966 m
330 925 463 967 vobis.
535 924 649 966 Hinc
699 930 743 967 et
790 923 943 966 beatus
987 883 1223 979 Giiegorius
1265 923 1308 964 in
1362 924 1426 965 18.
1463 921 1571 964 libro

76 977 304 1022 Moralium
319 987 356 1022 ¹:
384 988 470 1032 Alii,
496 981 647 1037 inquit,
666 983 791 1034 prava
815 990 859 1023 de
876 989 953 1023 Deo
979 990 1146 1030 sentium,
1175 989 1239 1022 alii
1261 994 1359 1022 recta
1382 988 1426 1021 de
1453 994 1571 1022 aueto-

75 1037 183 1073 ram
211 1042 340 1081 unns,
371 1039 436 1074 sed
469 1041 639 1075 muntem
673 1050 751 1073 cum
775 1039 960 1083 fratribus
994 1050 1065 1072 non
1099 1044 1225 1079 tenent,
1258 1036 1312 1070 illi
1337 1048 1454 1071 more
1468 1037 1570 1081 fidei,

73 1091 233 1128 {asom
257 1093 438 1128 admotu
459 1094 724 1139 perpetratione
749 1093 859 1128 divisi
884 1098 978 1127 aunt.
1022 1082 1148 1125 Unde
1178 1090 1221 1125 et
1244 1083 1288 1123 in
1319 1082 1413 1138 ipsa
1432 1083 1571 1138 prima

224 1137 421 1196 decalogi
448 1147 723 1196 utrarumque
753 1139 939 1196 partium
959 1138 1110 1196 culpae
1131 1139 1442 1195 exprimuntur,
1472 1152 1569 1179 cum

122 1193 224 1238 vina
259 1209 368 1238 voce
406 1194 582 1238 dicitur:
619 1196 790 1253 Diliqes
820 1195 1042 1238 dominum
1070 1195 1214 1237 Deum
1252 1201 1368 1236 tuum
1403 1208 1457 1235 ea:
1486 1200 1570 1236 toto

76 1250 205 1295 corde
232 1257 308 1294 tuo
336 1257 376 1293 et
402 1266 457 1295 θα)
485 1258 575 1294 tota
604 1254 758 1295 anima
787 1257 863 1294 tua
891 1257 930 1293 et
958 1266 1012 1292 eae
1040 1258 1129 1293 tota
1159 1257 1292 1293 mente
1320 1257 1412 1301 tua,
1440 1256 1570 1305 atque

76 1320 182 1350 mox
207 1306 429 1350 subditur:
458 1307 629 1365 Diliqes
654 1309 906 1364 proximum
933 1313 1054 1348 tuum
1091 1309 1199 1349 sicut
1225 1313 1264 1348 te
1292 1308 1434 1359 ipsum
1442 1320 1458 1358 ;
1498 1305 1571 1361 qui

77 1364 193 1406 enim
230 1362 286 1406 de
313 1362 410 1406 Deo
449 1378 652 1428 perversa
689 1363 829 1416 sentit,
867 1361 1001 1419 liquet
1042 1362 1250 1419 profecto,
1289 1362 1389 1418 quia
1427 1361 1571 1403 Deum

75 1432 164 1462 non
190 1417 342 1476 diligit.
382 1419 470 1473 Qul
489 1434 590 1462 vero
621 1418 675 1462 de
695 1419 791 1461 Deo
820 1424 939 1461 recta
968 1419 1156 1462 sentiens
1185 1432 1213 1459 a
1242 1425 1414 1459 sanctae
1438 1416 1571 1459 eccle-

77 1474 168 1518 siae
194 1475 358 1518 unitate
387 1474 549 1518 divisus
578 1483 654 1529 est,
685 1480 850 1517 constat
868 1474 1071 1530 profecto,
1102 1475 1203 1532 quia
1221 1474 1466 1530 proximum
1485 1487 1571 1515 non

75 1536 206 1585 amat,
237 1545 364 1588 quem
394 1531 553 1574 habere
583 1531 747 1574 socium
775 1537 958 1573 recusat.
1000 1531 1058 1572 Et
1084 1533 1123 1572 si
1151 1532 1248 1587 quis
1269 1530 1444 1582 dixerit,
1465 1544 1567 1585 quo·
1586 1543 1783 1576 1.Ioh.4,20.

78 1588 223 1630 niam:
261 1587 415 1644 Diligo
444 1588 599 1640 Deum,
629 1594 668 1630 et
690 1587 885 1643 fratrem
922 1602 1047 1628 suum
1076 1586 1231 1639 oderit,
1267 1586 1457 1627 mendace
1497 1591 1570 1638 est,

0 1664 3 1668 >
78 1643 191 1687 sicut
232 1650 405 1686 sanctus
450 1644 659 1686 Iohannes
702 1641 919 1699 apostolus
962 1642 1034 1684 ait.
1092 1642 1231 1698 Igitur
1272 1655 1429 1697 magna
1473 1648 1572 1682 sunt

78 1698 294 1753 scandala,
322 1699 493 1743 hereses
522 1707 566 1742 et
594 1700 807 1752 scismata,
846 1698 900 1741 de
931 1697 1087 1755 quibus
1116 1705 1159 1740 et
1187 1697 1343 1740 dicitur
1371 1698 1414 1738 in
1444 1710 1570 1739 euan-

77 1753 205 1812 gelio,
235 1756 457 1813 quoniam:
487 1756 625 1799 Mittet
645 1755 787 1798 Filius
817 1755 1005 1798 hominis
1037 1753 1215 1811 anqelos
1243 1769 1355 1806 suos,
1386 1760 1424 1794 et
1454 1753 1568 1796 colli-
1586 1747 1695 1813 ξῖἳξζ

78 1817 180 1869 gent
206 1811 261 1855 do
287 1827 422 1869 reqno
452 1813 546 1854 eius
577 1812 726 1854 omnia
755 1810 986 1853 scandala.
1044 1810 1242 1866 Regnum
1271 1809 1357 1852 Dei
1396 1808 1478 1850 hoc
1507 1816 1570 1851 est
1625 1805 1632 1820 ²

79 1866 262 1911 eeclesia
297 1867 395 1922 Dei,
438 1866 582 1923 angeli
617 1867 703 1911 Dei
740 1866 783 1908 bi
821 1873 920 1908 sunt
961 1866 1280 1909 annuntiatores
1316 1864 1435 1907 verbi
1471 1864 1570 1914 Dei,

79 1922 228 1981 quales
254 1923 428 1966 fuerunt
446 1923 701 1967 Ambrosius
729 1929 858 1979 atque
886 1922 1171 1974 Innocentius,
1201 1919 1442 1963 sacerdotes
1470 1919 1568 1971 Dei,

108 1992 264 2022 uorum
291 1993 425 2021 unum
452 1978 685 2021 introducit
711 1979 755 2019 in
785 1978 995 2034 scriptura
1024 1991 1103 2018 sua
1131 1991 1259 2032 saepe
1288 1976 1428 2017 dictus
1456 1989 1570 2031 papa

78 1993 336 2078 {fidebant
348 2034 745 2077 excommunicasse
760 2032 1046 2076 Theodosium
1063 2033 1376 2089 imperatorem,
1390 2030 1568 2073 alterum

79 2104 183 2134 vero
201 2089 437 2133 Arcadium
467 2091 524 2132 im
558 2098 779 2133 eratorem.
839 2088 983 2141 Quare
1012 2087 1093 2130 hoc
1122 2088 1339 2144 scripserit
1367 2094 1409 2129 et
1437 2101 1569 2143 quare

80 2147 124 2189 in
151 2160 259 2203 agro
287 2145 503 2189 dominico
563 2160 613 2188 oc
643 2145 929 2197 seminaverit,
971 2144 1079 2187 bene
1108 2143 1279 2200 quidem
1316 2141 1569 2199 intelligunt,

110 2201 239 2246 uibus
281 2201 423 2245 adhuc
467 2216 564 2244 cum
601 2201 754 2244 ceteris
792 2200 949 2244 Christi
988 2198 1185 2242 fidelibus
1223 2199 1390 2254 integra
1428 2206 1570 2241 manet

159 2258 170 2268 ⁸
216 2259 226 2269 ⁰
353 2258 618 2311 fraternitas,
692 2256 818 2300 uibus
863 2258 976 2298 circa
1013 2256 1217 2298 unitatem
1257 2253 1461 2297 ecclesiae
1505 2260 1570 2297 est

81 2315 248 2359 sincera
285 2315 454 2369 caritas,
492 2328 578 2372 qua
611 2315 672 2356 sci
689 2314 773 2355 icet
810 2313 986 2355 caritate
1023 2311 1254 2354 concordat
1281 2309 1565 2353 membrorum

79 2371 235 2415 unitas.
292 2370 417 2414 Sioua
459 2371 574 2414 enim
615 2372 664 2413 in
707 2384 793 2412 uno
830 2383 1024 2425 corpore,
1066 2368 1127 2410 ait
1159 2365 1391 2424 apostolus,
1433 2366 1568 2409 mnata

81 2427 269 2471 membra
297 2427 514 2480 habemus,
546 2427 694 2469 omnia
724 2432 862 2468 autem
883 2424 1070 2467 membra
1101 2439 1190 2466 non
1222 2423 1404 2466 eundem
1425 2428 1568 2465 actum

83 2482 254 2537 habent,
291 2484 357 2525 ita
394 2482 521 2526 multi
557 2498 692 2525 unum
734 2496 891 2537 corpus
930 2495 1079 2523 sumus
1108 2482 1155 2522 iu
1188 2479 1370 2531 Christo,
1401 2478 1569 2535 sinyuli

83 2544 223 2582 autem
253 2538 363 2581 alter
390 2539 571 2582 alterius
597 2538 797 2581 membra.
842 2536 958 2593 Ergo
978 2536 1112 2578 nostri
1140 2549 1224 2578 non
1253 2541 1319 2577 est
1379 2535 1569 2591 ropositi,

84 2592 275 2651 singulas
311 2592 425 2637 illius
461 2608 599 2651 papae
635 2593 864 2637 sententias
900 2607 978 2649 per
1020 2598 1155 2634 totum
1199 2590 1338 2633 deseri
1370 2605 1454 2644 ere,
1494 2589 1568 2633 sed

83 2655 279 2693 tantum·
306 2664 358 2692 ea
387 2663 731 2702 commemorare,
762 2664 870 2707 quae
899 2647 1099 2691 videntur
1126 2647 1355 2703 praecipue
1394 2645 1567 2703 quidem

1586 747 1784 814 l.Cor.;1,18.

1659 789 1673 812 1
1698 808 1705 814 .

1584 1186 1689 1213 Manli.
1703 1187 1752 1217 22,

1584 1225 1632 1251 ⁸⁶1.
1645 1228 1674 1252 et
1686 1226 1732 1253 39.

1582 2361 1668 2387 Rom.
1680 2362 1728 2394 18,

1611 2399 1697 2428 4-5.

86 2777 118 2812 ι)
138 2781 235 2804 totum
259 2778 285 2809 i,
307 2776 384 2810 quod
405 2777 461 2802 ian
481 2776 599 2803 Schera.
622 2777 784 2803 emendavit.

90 2888 126 2933 1)
154 2889 346 2932 Gregorius
371 2887 396 2921 1.
416 2898 447 2919 c.
476 2887 506 2925 1,
531 2898 565 2931 p.
593 2886 675 2919 674.
