1878 3308
174 451 245 478 Bar.
262 452 281 478 4

314 291 381 325 118
555 291 622 326 DE
649 292 858 326 UNITATE
884 291 1157 327 EOCLESIAE
1185 292 1551 327 OONSERVANDA.

315 404 519 459 custodia,
549 419 677 461 super
708 404 898 462 qualium
927 406 1099 447 miseria
1129 405 1190 447 sic
1210 420 1297 470 ‘per
1326 405 1590 448 Hieremiam
1621 403 1803 461 prophe-

170 470 300 520 19-213
311 467 399 505 tam
429 462 702 519 conqueritur
728 462 931 504 ecclesia:
962 462 1073 518 Eyo,
1102 461 1312 518 inquiens,
1343 461 1548 504 derelicta
1576 477 1670 503 sum
1692 461 1800 515 sola,

130 1878 183 1906 ns.
197 1879 243 1913 30,
256 1878 303 1907 20.

311 519 414 561 eoeui
443 533 506 560 me
536 518 647 561 stola
670 519 815 574 pacis,
844 518 978 560 indui
1005 533 1070 561 me
1101 524 1242 560 autem
1268 533 1393 560 sacco
1425 518 1734 560 obsecrationis
1763 523 1801 559 et

310 575 504 618 clamabo
527 575 586 616 ad
606 574 877 618 Altissimum
906 576 955 617 in
976 574 1127 617 diebus
1146 575 1264 616 meis.
1293 574 1655 630 Animaequiores
1675 579 1805 624 estote-

299 630 406 686 filii,
437 631 632 683 clamate,
663 631 815 687 inquit,
848 631 908 673 ad
937 631 1190 684 Dominum,
1227 636 1266 672 et
1295 631 1450 685 eripiet
1477 645 1553 672 vos
1583 630 1635 672 de
1662 645 1799 673 manu

307 689 564 743 principum
592 688 861 743 iniquorum.

422 744 489 785 37.
548 742 616 785 De
659 743 725 784 his
774 742 936 785 scilicet
984 742 1170 784 inimicis
1219 741 1487 798 principibus
1533 755 1631 784 cum
1674 740 1800 798 plura

308 799 563 842 haberemus
603 799 759 853 dicere,
799 798 923 841 nobis
965 799 1164 842 videntur
1202 798 1308 840 haec
1336 812 1477 854 pauca
1505 798 1714 851 sufficere,
1745 797 1798 840 de

309 854 465 911 quibus
496 861 539 897 et
589 855 787 912 articipes
808 869 955 898 eorum
976 861 1175 921 poterunt
1205 855 1419 910 cognosci,
1451 868 1558 911 quos
1588 860 1630 897 et
1649 852 1800 896 similis

308 925 427 953 error
464 870 645 954 involvit
681 919 723 954 et
762 912 1014 967 constringit
1053 925 1132 968 par
1173 924 1313 967 poena
1355 911 1534 966 peccati.
1595 909 1802 967 Superest

307 973 475 1010 tantum
512 967 667 1010 referre
704 967 757 1010 de
785 967 1017 1010 Adelberto
1048 967 1384 1011 Wormaoiensis
1425 966 1629 1009 ecclesiae
1665 980 1799 1023 quon-

309 1024 410 1066 dam
448 1024 664 1080 episcopo,
703 1025 776 1080 qui
812 1024 1037 1066 damnatus
1074 1029 1140 1066 est
1176 1024 1304 1066 etiam
1343 1029 1472 1080 atque
1507 1022 1726 1080 depositus
1755 1023 1801 1064 in

309 1080 556 1136 supradicta
607 1080 953 1135 Moguntiacensi
996 1080 1174 1136 synodO.
1242 1079 1329 1121 Hic
1376 1094 1478 1122 vero
1528 1078 1799 1133 Adalbertus,

310 1137 422 1179 sicut
460 1145 613 1193 supra¹
657 1151 827 1193 quoque
858 1136 1057 1191 diximus,
1088 1142 1238 1192 captus
1268 1142 1333 1178 est
1360 1136 1525 1191 fugiens
1556 1135 1610 1178 de
1638 1133 1800 1191 praelio
1849 1188 1851 1190 ι

313 1192 547 1247 Saxonum,
587 1207 685 1234 cum
723 1198 835 1235 esset
872 1194 918 1234 in
954 1198 1076 1248 parte
1116 1207 1263 1235 eorum
1293 1197 1442 1234 contra
1470 1207 1616 1249 regem
1646 1191 1800 1234 Henri-

311 1248 460 1303 chum3
489 1248 605 1291 unde
635 1255 677 1291 et
697 1248 918 1291 custodiae
946 1248 1149 1302 traditur3
1182 1247 1258 1290 sed
1286 1255 1384 1305 post
1403 1248 1667 1304 aliquantum
1695 1254 1801 1290 tem-

310 1306 443 1361 poris,
479 1304 862 1347 intervenientibus
899 1319 977 1361 pro
1017 1320 1067 1347 eo
1107 1305 1162 1347 ad
1200 1319 1345 1360 regem
1379 1305 1529 1346 amicis
1558 1305 1661 1358 eius,
1693 1303 1802 1346 solvi

310 1361 495 1416 iubetur,
533 1369 576 1404 et
615 1376 740 1404 omne
776 1361 968 1404 debitum
1005 1362 1044 1404 ei
1079 1361 1319 1415 remittitur,
1365 1360 1480 1417 quod
1519 1360 1804 1403 commisisset

310 1417 380 1461 vel
415 1418 460 1459 in
497 1418 788 1460 coniuratione
829 1417 944 1460 facta
977 1424 1124 1460 contra
1153 1423 1311 1459 statum
1339 1418 1402 1459 rei
1430 1416 1630 1474 publicae
1657 1415 1728 1459 vel
1755 1416 1802 1458 in

312 1473 483 1517 alterius
513 1475 627 1530 regis
658 1474 878 1517 electione.
935 1473 995 1516 At
1022 1473 1093 1516 ille
1122 1474 1352 1530 persistens
1387 1475 1430 1515 in
1466 1474 1675 1515 sententia
1703 1472 1803 1515 scis-

312 1531 436 1572 matis
467 1531 534 1572 sui
563 1537 605 1574 et
632 1531 678 1572 in
707 1530 787 1573 hac
816 1545 1019 1587 perversa
1047 1536 1175 1586 atque
1196 1530 1399 1571 hactenus
1428 1529 1621 1572 inaudita
1647 1528 1801 1581 heresi,

314 1601 400 1643 qua
427 1586 646 1643 refugiunt
676 1587 750 1643 qui
778 1592 878 1628 sunt
906 1586 1117 1628 eiusmodi
1144 1601 1290 1642 regem
1320 1586 1536 1628 hominem
1559 1585 1705 1628 videre
1734 1583 1805 1627 vel

313 1642 485 1699 alloqui,
524 1643 647 1699 quasi
684 1643 812 1685 homo
848 1642 962 1685 mala
991 1643 1046 1685 sit
1081 1648 1275 1685 creatura
1303 1642 1401 1695 Dei,
1435 1656 1522 1684 non
1550 1641 1690 1697 potuit
1716 1639 1805 1683 ulla

314 1699 478 1741 ratione
507 1698 678 1752 inflecti,
707 1704 755 1741 ut
782 1697 910 1741 vellet
938 1699 993 1740 ad
1023 1698 1249 1740 ecclesiam
1284 1703 1326 1739 et
1355 1698 1647 1762 episcopatum
1678 1711 1803 1739 suum

315 1756 486 1809 reverti,
523 1755 669 1797 dicens
708 1769 902 1811 quaeque
941 1755 1070 1796 etiam
1110 1760 1302 1796 extrema
1330 1768 1449 1809 prius
1479 1754 1665 1810 experiri
1695 1751 1806 1795 velle
1852 1803 1855 1805 ,

346 1825 443 1853 uam
473 1810 618 1854 videre
647 1809 716 1853 vel
744 1809 903 1866 alloqui
931 1825 1078 1866 regem
1115 1825 1194 1852 sua
1229 1816 1393 1866 sponte.
1450 1809 1566 1852 Ecce
1609 1810 1806 1867 captivus

315 1867 386 1910 116
414 1873 582 1910 tenetur
619 1867 665 1908 in
695 1867 901 1920 custodia,
929 1868 1133 1922 pascitur
1155 1882 1275 1923 pane
1306 1872 1431 1908 arton
1460 1872 1499 1908 et
1529 1881 1648 1922 aqua
1677 1867 1805 1920 brevi,

316 1925 440 1966 iuxta
477 1923 594 1980 quod
631 1923 737 1965 dicit
764 1922 993 1979 propheta;
1023 1929 1066 1965 et
1092 1922 1174 1965 hoc
1202 1923 1361 1979 patitur
1389 1936 1475 1964 non
1503 1924 1678 1979 propter
1706 1921 1805 1964 fidei

317 1982 530 2034 meritum,
562 1980 637 2022 sed
666 1985 715 2021 ut
743 1978 882 2022 redire
911 1978 1014 2021 velit
1041 1978 1096 2021 ad
1125 1979 1276 2021 unicae
1305 1978 1453 2020 matris
1483 1977 1689 2021 ecclesiae
1713 1992 1806 2034 gre-

319 2037 466 2078 mium.
525 2036 613 2089 Qui
652 2051 751 2078 cum
790 2035 967 2078 honeste
1002 2037 1189 2091 potuerit
1225 2035 1381 2077 reverti
1418 2034 1474 2076 ad
1511 2034 1736 2077 ecclesiam
1765 2040 1808 2077 et

320 2094 617 2150 episcopatum
662 2107 808 2146 suum,
852 2091 1045 2147 neglexit
1088 2106 1184 2133 cum
1228 2092 1448 2147 propriam
1492 2090 1673 2134 salutem
1714 2097 1807 2133 tum

319 2164 466 2192 curam
496 2149 641 2191 ovium
672 2148 756 2190 sibi
786 2148 1054 2202 creditarum,
1084 2154 1212 2205 atque
1233 2146 1361 2190 elusis
1380 2146 1648 2202 regularibus
1671 2153 1809 2189 custo-

319 2206 415 2259 diis,
446 2206 627 2262 turpiter
664 2205 773 2261 fugit
814 2203 982 2247 rediens
1028 2203 1084 2246 ad
1121 2209 1258 2246 sectas
1307 2209 1349 2245 et
1385 2203 1585 2246 scismata
1621 2204 1808 2260 partium

319 2276 506 2304 suarum.
551 2261 665 2303 Hinc
685 2261 955 2316 Augustinus
972 2268 1006 2302 ²:
1037 2270 1183 2304 Fratres
1209 2270 1287 2311 mei,
1312 2259 1463 2316 inquit,
1490 2268 1521 2302 si
1546 2269 1674 2303 Christi
1698 2268 1807 2303 unica

319 2322 463 2355 ecclesia
487 2327 537 2356 cst
561 2318 620 2355 eth
656 2333 731 2354 una
756 2325 817 2362 est,
852 2320 1020 2364 quicquid
1051 2320 1135 2353 inde
1161 2318 1386 2362 praeciditur
1419 2318 1498 2362 quis
1530 2319 1618 2351 tollit
1649 2318 1721 2351 nisi
1753 2318 1806 2352 leo

318 2371 377 2404 ille
401 2371 545 2415 rugiens
571 2375 603 2403 et
628 2369 834 2404 circumiens
860 2370 1073 2412 quaerendo,
1101 2379 1201 2411 quem
1226 2367 1391 2401 devoret?
1440 2367 1511 2401 Vae
1537 2366 1591 2400 his
1616 2367 1678 2410 qui
1698 2377 1805 2410 prae·

318 2425 508 2458 eiciuntur!
530 2437 614 2458 ‘nam
638 2425 715 2466 illa,
741 2414 813 2468 alt,
842 2424 980 2467 inteqra
1002 2422 1232 2466 permanebit.
1290 2412 1360 2453 An
1399 2426 1485 2454 non
1521 2412 1741 2467 praecisus
1780 2425 1807 2453 a

319 2469 528 2512 catholiea
570 2475 634 2512 est
676 2469 867 2522 ecclesia,
914 2470 988 2524 qui
1031 2481 1108 2523 pro
1152 2466 1390 2523 aliquarum
1432 2468 1617 2524 partium
1663 2467 1807 2510 studio

319 2526 425 2568 exiit
459 2525 514 2567 ab
550 2524 633 2579 illa,
670 2526 845 2582 propria
911 2538 1052 2580 uoque
1092 2523 1364 2579 episcopatus
1401 2524 1467 2566 sui
1497 2537 1655 2579 sponsa
1683 2538 1808 2580 repu-

319 2581 463 2623 diata?
520 2581 578 2623 Et
616 2582 650 2622 si
689 2580 758 2623 ille
788 2579 898 2622 Adel
932 2587 1046 2622 ertus
1075 2579 1246 2634 reliquit
1275 2580 1644 2622 Wormaciensem
1674 2579 1807 2622 eccle-

321 2638 440 2690 siam,
472 2636 664 2693 nunquid
692 2636 789 2678 ideo
818 2634 985 2692 repellit
1014 2635 1226 2676 Dominus
1268 2634 1439 2692 plebem
1469 2636 1620 2678 suam?
1676 2636 1808 2678 Dixit

321 2693 431 2737 Sion
465 2719 513 2725 —-
546 2693 819 2749 congregatio
857 2692 970 2734 enim
1005 2696 1263 2746 sanctorum,
1302 2692 1376 2748 qui
1413 2693 1458 2734 in
1492 2706 1600 2749 pace
1629 2691 1809 2735 Domini

322 2831 351 2867 a)
376 2835 442 2860 atro
466 2834 493 2859 1.
576 2831 608 2866 b)
631 2834 664 2858 ut
685 2826 766 2861 Gaza,

325 2938 363 2983 1)
390 2940 431 2974 C.
453 2940 509 2975 16.
586 2938 624 2983 2)
651 2939 842 2982 Augustini
869 2940 987 2983 Opera
1013 2938 1081 2980 ΙΙΙ,
1102 2938 1135 2980 2,
1161 2950 1196 2982 p.
1223 2938 1306 2971 371.
