1878 3308
0 0 115 41 3:⁴¹ss3?-
147 0 150 2 ·

706 260 995 296 ΡΒΔΕῈΔΤΙΟε
1548 263 1603 297 XI

106 375 217 420 aba·
255 373 612 427 Hersveldensis‚
650 376 727 430 qui
762 373 920 416 librum
959 375 1012 417 de
1051 375 1219 416 unitate
1262 374 1466 417 ecclesiae
1504 391 1601 418 con·

102 431 328 475 manda
354 431 596 486 scripserit,
622 436 792 486 postea,
822 430 899 472 sed
924 431 1187 486 priusquam
1207 429 1345 484 finem
1382 432 1603 474 scribendi

102 486 284 541 faceret,
313 488 548 544 episcopus
566 486 920 542 Numburqensis
937 485 1098 541 factus
1121 487 1178 528 sit
1198 502 1344 529 necne.
1382 488 1603 530 Nonnulli

102 557 253 589 sorum
339 544 360 586 i
388 543 504 585 hanc
532 557 715 585 causam
743 548 1043 584 tractaverunt
1079 543 1344 596 existimant,
1380 544 1432 586 de
1461 546 1600 600 scrip-

102 605 196 643 eon
238 557 346 643 lia
379 600 520 642 nostri
555 597 671 640 nibil
720 597 913 655 amplius
964 598 1057 640 dici
1082 613 1217 654 posse
1270 614 1402 654 quam
1448 615 1598 642 mona-

103 655 233 700 cbm
268 670 366 699 sum
383 654 534 712 fuisse
565 653 931 696 Hersveldensem.
986 654 1103 697 Velut
1123 654 1449 711 Helmsdo‘vfer¹
1480 657 1600 709 dicit,

103 711 221 756 nihil
254 711 383 754 aliud
412 711 464 753 de
493 711 707 766 scriptore
742 716 890 753 nostro
924 711 1018 752 dici
1040 725 1185 766 posse,
1215 712 1307 753 nisi
1335 727 1430 754 eum
1459 714 1599 768 scrip-

105 768 216 812 sisse
243 782 365 810 anno
397 766 521 810 1093.
558 772 597 808 et
633 767 861 822 scripsisse
898 767 947 808 in
986 769 1249 809 monasterio
1281 768 1601 822 Hersveldensi,

165 824 224 867 od
251 823 417 867 eluceat
444 836 500 865 ex
529 822 749 878 capitibus
783 822 845 875 11,
874 822 943 864 28.
974 823 1155 865 31—33.
1204 823 1324 865 Idem
1340 823 1445 879 fere
1475 826 1602 867 sentit

152 894 279 937 srqsr
306 880 358 922 in
378 879 679 935 disputatione
699 894 783 921 sua
794 885 824 931 ²,
856 879 934 935 qui
951 879 1056 932 vult,
1087 879 1202 922 nihil
1224 880 1276 920 de
1300 882 1472 922 nomine
1494 896 1599 923 auc-

103 937 215 979 toris
251 935 342 979 dici
372 949 525 992 posse,
561 935 654 976 nisi
691 950 787 977 eum
822 935 1083 977 monachum
1123 935 1408 978 Hersveldiae
1434 936 1600 992 fuisse.

103 991 175 1034 Ds
202 991 360 1049 quibus
387 991 515 1034 rebus
545 991 653 1046 quid
681 1005 759 1047 eqo
787 993 985 1044 sentiam,
1015 1007 1135 1033 nunc
1156 991 1340 1033 breviter
1358 991 1599 1048 eaeplicabo.

103 1047 201 1091 Hoc
228 1049 346 1091 inter
374 1061 519 1090 omnes
548 1053 731 1100 constat,
760 1049 1016 1103 scriptorem
1043 1046 1148 1090 libri
1177 1049 1318 1090 nostri
1341 1049 1601 1091 monachum

105 1102 461 1147 Hsrsvsldensem
490 1102 654 1158 fuisse.
722 1103 845 1146 Nam
888 1119 910 1145 e
954 1104 1175 1158 capitibus
1222 1105 1283 1146 16.
1321 1103 1388 1146 28.
1426 1105 1493 1148 31.
1531 1104 1599 1147 32.

105 1157 214 1203 libri
240 1159 302 1202 11.
340 1159 533 1203 dilucide
574 1165 776 1215 apparet,
806 1175 902 1202 eum
931 1174 1072 1201 mense
1101 1160 1300 1216 Auqusto
1332 1161 1446 1202 anni
1478 1161 1600 1214 1086,

101 1215 278 1315 ffiumio
314 1220 600 1273 porrexerunt
638 1216 684 1256 in
714 1213 960 1258 orientalem
991 1215 1221 1258 Franciam
1256 1215 1312 1257 ad
1343 1216 1597 1272 patrandum

148 1270 212 1315 ud
252 1272 369 1314 eirca
405 1271 657 1326 Wirziburg
710 1285 892 1328 magnae
942 1271 1168 1314 occisionis
1221 1271 1361 1313 scelus
1406 1272 1491 1326 (H,
1519 1273 1599 1325 31)

103 1327 389 1371 Hercveldiae
439 1328 566 1368 uisse.
630 1327 780 1369 Etiam
809 1334 988 1370 exeunte
1018 1343 1137 1369 anno
1161 1327 1283 1380 1087,
1314 1343 1410 1370 cum
1436 1327 1600 1384 Eyber·

102 1389 176 1427 tus
204 1398 249 1426 ss
277 1397 394 1440 supp
411 1384 519 1425 icem
547 1384 808 1438 imperatori
834 1384 1005 1425 dedidit
1032 1393 1068 1425 et
1086 1384 1222 1437 fidem
1237 1384 1445 1437 promisit
1474 1399 1501 1425 a
1538 1384 1600 1426 ud

103 1438 420 1491 Heu-coemam,
453 1438 626 1481 videtur
653 1439 841 1494 scriptor
868 1439 972 1480 libri
1000 1440 1142 1481 nostri
1168 1439 1231 1481 ibi
1254 1438 1418 1494 fuisse.
1475 1399 1596 1481 βψω

104 1501 248 1538 autem
289 1495 420 1537 etiam
448 1501 624 1560 postero
672 1501 857 1550 tempore
894 1495 1180 1537 Hersveldiae
1211 1495 1374 1551 fuerit,
1420 1495 1599 1538 dubium

102 1557 191 1606 σούς
217 1549 369 1608 fuisse
396 1550 459 1593 ibi
489 1565 598 1603 eum,
628 1557 737 1592 certe
766 1565 855 1592 non
884 1565 938 1592 ecc
966 1549 1055 1593 illis
1083 1551 1190 1593 locis
1221 1566 1328 1607 quos
1356 1566 1598 1593 commemo-

101 1608 206 1650 ravi
238 1606 389 1663 colliqi
417 1612 569 1662 potest.
626 1606 745 1648 Nam
786 1606 902 1662 quod
933 1606 1259 1662 Helmsdoofer³
1300 1608 1420 1659 dicit,
1456 1607 1598 1649 verbis

102 1669 255 1706 saneta
290 1669 437 1705 nostra
474 1669 513 1704 et
547 1661 604 1704 ad
639 1662 786 1703 vivum
825 1676 904 1704 nos
940 1662 1079 1718 tetigit
1114 1667 1174 1717 (c.
1202 1663 1270 1705 28.
1307 1663 1380 1705 lib.
1409 1663 1481 1715 II)
1519 1678 1598 1706 nos

100 1719 325 1776 impediri,
354 1720 588 1774 quominus
626 1718 911 1761 Waltra‘mum
939 1720 1188 1775 episcopum
1222 1718 1598 1775 Numburqensem

102 1774 155 1819 id
171 1773 401 1832 scripsisse
420 1781 679 1827 statuamus,
699 1776 777 1816 via:
797 1789 964 1817 necesse
983 1781 1056 1827 est,
1078 1774 1195 1831 quod
1213 1775 1439 1830 refutetur.
1479 1775 1598 1818 Nam

104 1831 146 1874 si
172 1831 272 1874 dico
300 1831 354 1874 de
372 1831 514 1883 rebus,
543 1830 702 1885 quibus
732 1845 825 1872 una
854 1846 951 1872 cum
982 1830 1086 1872 aliis
1118 1831 1365 1873 hominibus
1395 1830 1598 1886 inteffui,

103 1893 144 1930 ct
169 1900 284 1943 quae
311 1887 422 1929 mihi
449 1885 579 1928 simul
607 1901 704 1928 cum
735 1886 838 1928 aliis
869 1887 1135 1940 acciderunt,
1165 1887 1233 1927 uti
1245 1901 1428 1941 possum
1457 1886 1598 1928 verbis

106 1944 214 1986 ‘nos’
249 1948 289 1984 et
324 1943 510 1995 ‘noster',
547 1957 678 1998 quam
708 1958 812 1984 uam
841 1942 1093 1998 lonyissime
1123 1942 1273 1983 absum
1304 1942 1357 1983 ab
1387 1941 1463 1984 illo
1492 1942 1598 1995 loco,

104 2012 191 2056 quo
221 1998 328 2041 baec
343 1997 479 2053 sacta
498 2004 612 2042 sunt.
699 2013 938 2054 uamquam
965 1999 1107 2053 igitur
1135 1997 1250 2039 nihil
1277 1998 1496 2049 babemus,
1520 2012 1600 2039 cur

100 2059 321 2111 putemus,
351 2054 441 2096 scri
474 2059 605 2095 torem
645 2052 879 2109 apoloqiae
917 2059 1091 2095 nostrae
1133 2053 1352 2108 pro-‘nimis
1395 2053 1521 2095 deinc
1578 2068 1599 2095 s

107 2110 244 2152 antiis
290 2123 378 2151 non
459 2108 698 2150 ersveldiae
743 2109 972 2161 mansisse,
1011 2114 1155 2150 tamen
1195 2123 1313 2150 anno
1355 2109 1474 2151 1091.
1516 2110 1598 2151 ai·

110 2165 221 2222 quid
257 2164 433 2218 accidit,
469 2179 554 2231 quo
594 2165 827 2206 certissime
863 2179 958 2206 eum
997 2165 1234 2206 adductum
1272 2178 1373 2217 esse,
1411 2171 1457 2206 ut
1486 2164 1599 2207 illud

111 2220 361 2264 coenobium
395 2220 669 2277 relinqueret,
706 2220 829 2263 nobis
864 2220 1120 2277 putandum
1164 2222 1244 2262 sit:
1287 2220 1447 2262 scilicet
1482 2220 1602 2277 quod

106 2276 364 2320 ffldm'cus
415 2276 669 2319 Gosecensis
719 2276 851 2318 abbas
899 2276 1173 2318 introductus
1213 2282 1287 2318 est.
1350 2275 1454 2318 Cum
1497 2274 1598 2320 Kal.

107 2330 258 2390 April.
297 2334 410 2375 anni
441 2332 563 2375 1089.
610 2331 860 2374 Guntberus
896 2333 1126 2388 episcopus
1169 2331 1361 2375 Cicensis
1403 2338 1600 2375 mortuus

106 2394 228 2442 essct,
269 2388 526 2431 Fridericus
569 2388 703 2430 abbas
748 2386 1002 2430 Gosecensis
1050 2386 1203 2430 electus
1247 2394 1306 2429 est
1353 2389 1599 2444 episcopus.

112 2442 202 2494 Qui
230 2450 278 2486 ut
308 2445 614 2486 investituram
642 2443 914 2499 imperialem
943 2450 1255 2499 assequeretur,
1293 2444 1510 2486 contendit
1539 2444 1602 2486 ad

112 2499 357 2543 Hem-icum
387 2500 464 2553 IV,
502 2501 580 2557 qui
615 2506 718 2542 tunc
757 2501 962 2556 temporis
1002 2500 1191 2542 Veronae
1229 2506 1336 2542 erat.
1399 2499 1487 2547 Qui
1526 2500 1602 2542 ubi

108 2569 290 2599 causam
326 2556 501 2598 itineris
535 2557 630 2598 eius
667 2556 852 2609 audivit,
890 2571 1019 2613 aeqre
1055 2554 1168 2608 tulit,
1200 2555 1316 2612 quod
1344 2555 1600 2597 Fridericus

109 2611 205 2653 sins
240 2612 531 2667 permissione
575 2627 627 2653 ac
670 2626 884 2654 consensu.
928 2627 1006 2654 suo
1051 2611 1205 2654 electus
1249 2618 1368 2664 esset,
1410 2617 1447 2653 et
1485 2611 1601 2653 dixit

113 2665 381 2720 OEccnsibus,
419 2682 685 2724 quamquam
725 2682 811 2724 pro
850 2668 932 2710 hac
967 2669 1201 2710 temeritate
1238 2669 1294 2710 iis
1327 2681 1476 2723 poena
1516 2667 1598 2709 sol-

110 2721 254 2764 venda
290 2727 410 2775 esset,
447 2738 535 2779 qua
572 2724 674 2766 ausi
711 2729 849 2765 essent
884 2730 1036 2766 contra
1076 2723 1245 2765 decreta
1285 2729 1601 2765 antecessorum

111 2792 291 2821 suorum
320 2775 478 2833 eliqers
500 2779 765 2834 episcopum,
795 2785 951 2831 tamen,
983 2795 1035 2821 ne
1057 2784 1268 2835 potestate
1292 2779 1443 2834 potius
1472 2792 1601 2834 quam

113 2865 150 2907 1)
177 2863 360 2899 ‘wilhelm
386 2876 420 2899 v.
447 2865 649 2905 Hirschau'.
686 2866 791 2908 18⁷⁴,
824 2878 858 2911 p.
886 2868 943 2901 27.
1069 2866 1110 2909 2)
1136 2867 1217 2899 ‘Zur
1242 2866 1359 2899 Kritik
1386 2865 1450 2898 der
1476 2865 1600 2898 streit-

110 2913 237 2948 schrist
262 2914 308 2947 ds
330 2916 467 2948 unitate
486 2914 664 2948 ecclesias
685 2914 955 2956 conservandis,
981 2914 1087 2958 1874,
1109 2926 1143 2959 p.
1162 2915 1197 2948 8.
1216 2916 1250 2948 4.
1327 2913 1366 2956 8)
1389 2913 1413 2947 1.
1432 2923 1463 2946 ο.
1486 2923 1521 2956 p.
1540 2911 1601 2945 2⁷.
