1878 3308
290 290 335 323 48
535 291 601 325 DE
627 291 840 325 UNITATE
871 290 1142 325 EOCLESIAE
1171 290 1539 325 CONSERVANDA.

291 402 467 445 credens
497 418 592 446 eam
622 418 718 445 esse
748 404 791 444 in
853 409 943 445 arte
972 416 1071 456 una,
1102 403 1223 445 iuxta
1252 402 1368 460 quod
1398 410 1440 445 et
1467 402 1681 444 Dominus
1711 415 1790 457 per

290 458 690 516 pseudoprophetas
721 466 763 502 et
782 418 911 501 faisos
933 459 1132 501 doctores
1152 459 1242 502 fieri
1263 458 1494 515 praedixit,
1524 458 1598 515 qui
1619 457 1789 500 dicunt:

111 505 400 574 ⁰⁶54ff12‘3P·Ecce
422 516 491 558 liic
513 522 574 558 est
598 516 808 568 Christus,
840 531 930 558 eece
951 515 1056 568 illic,
1089 529 1185 556 cum
1206 513 1276 557 ille
1297 521 1433 558 totum
1455 513 1601 557 orbem
1623 514 1788 566 emerit,

181 575 184 578 '
292 572 364 637 qui
402 578 567 614 tantum
608 573 828 628 sanguinis
879 572 945 613 sui
980 572 1166 627 pretium
1208 570 1339 614 dedit.
1398 571 1467 612 De
1511 570 1578 612 his
1621 568 1789 612 duobus

290 628 481 670 timenda
517 635 615 671 sunt
653 627 865 682 scandala,
906 628 1110 684 quoniam
1147 632 1190 670 et
1226 626 1310 670 duo
1342 634 1441 670 sunt
1468 641 1623 683 praece
1658 632 1714 680 ta,
1744 626 1787 667 in

113 676 277 747 ⁰22¹‚W2ffi'‘
320 683 447 726 uibus
477 691 567 727 tota
594 684 665 727 lex
695 683 854 741 pendet
884 690 927 726 ct
955 683 1202 741 prophetae,
1239 683 1411 726 dilectio
1441 681 1603 726 scilicet
1626 640 1717 724 {ei
1747 688 1789 724 et

75 755 274 789 maiales.
321 740 461 783 ilectio
477 741 679 797 proximi.
710 741 808 783 Paoe
824 741 960 783 multa
981 740 1263 796 diliqentibus
1282 740 1417 797 leqem
1436 746 1570 793 tuam,
1585 739 1788 791 Domine,

291 804 329 838 et
365 812 454 839 non
494 804 554 839 est
590 797 680 840 illis
716 796 989 840 scandalum.
1050 795 1136 839 Sed
1173 795 1322 838 scribit
1360 801 1508 839 contra
1535 809 1614 836 nos
1641 800 1788 837 noster

290 853 578 895 adversarius:
622 854 729 907 Nos,
766 853 979 909 inquiens,
1010 854 1171 894 iustam
1196 859 1369 907 partem
1402 851 1608 906 Gregorii
1637 851 1728 893 iam
1760 866 1788 892 a

291 910 384 951 Deo
424 911 654 964 assumpti,
694 911 807 951 sicut
835 910 999 951 iustum
1028 916 1102 962 est,
1135 908 1422 964 defendimus.
1481 906 1610 950 Unde
1640 908 1787 962 Augu-

291 966 426 1007 stinus
448 965 640 1007 scribens
670 966 715 1006 in
740 971 924 1007 tractatu
943 964 1098 1021 psalmi
1129 979 1221 1021 cap.
1242 966 1293 1006 12
1324 964 1378 1006 de
1405 962 1584 1006 talibus:
1614 973 1669 1007 Eo
1690 973 1788 1016 plue,

290 1022 468 1078 inquit¹‚
503 1031 663 1065 abundat
683 1031 853 1074 nequitia,
879 1042 947 1074 quo
974 1030 1041 1064 sibi
1067 1029 1208 1064 videtur
1235 1030 1421 1064 abundare
1446 1029 1595 1071 iustitia,
1621 1025 1664 1060 et
1685 1017 1788 1074 quia

290 1078 454 1119 iustitia
489 1084 553 1119 est
587 1078 632 1117 in
669 1076 797 1119 corde
835 1077 1041 1132 ipsorum,
1081 1075 1156 1118 sed
1185 1074 1304 1129 falsa,
1335 1074 1431 1118 ideo
1462 1075 1568 1116 aits:
1600 1084 1684 1118 Non
1703 1094 1787 1128 per-

290 1137 434 1171 veniunt
462 1138 510 1171 ad
533 1148 665 1178 veram,
691 1136 779 1179 quia
803 1135 927 1179 repleti
951 1140 1034 1169 sunt
1050 1136 1168 1178 salsa.

403 1183 442 1224 6.
501 1182 614 1223 Ecce
659 1182 773 1223 enim
815 1196 906 1235 vos,
947 1187 995 1222 ut
1037 1182 1097 1223 ita
1138 1181 1291 1233 dicam,
1331 1178 1611 1236 particulares
1651 1176 1788 1220 Hildi-
1844 1200 1846 1202 ν

293 1238 465 1292 brandi,
503 1252 581 1294 per
617 1237 694 1279 hos
733 1237 811 1279 14³
848 1244 923 1279 aut
963 1251 1014 1278 eo
1053 1236 1238 1293 amplius
1281 1250 1415 1278 annos
1451 1234 1614 1292 proelia
1649 1239 1692 1276 et
1725 1247 1788 1275 se-

295 1295 477 1337 ditiones
519 1294 666 1349 agitis,
709 1300 751 1335 et
792 1308 847 1335 ne
889 1292 1029 1335 adhuc
1075 1293 1246 1349 quidem
1291 1293 1389 1348 paci
1427 1290 1496 1334 vel
1533 1288 1789 1333 concordiae

78 1351 579 1407 1ac-³,14—aequiescitis‚
621 1349 710 1403 sed,
747 1350 857 1392 sicut
891 1363 991 1391 vere
1025 1349 1086 1391 ait
1115 1349 1300 1391 Iacobus
1329 1346 1562 1405 apostolus,
1593 1346 1790 1389 occiditis

100 1397 143 1424 ¹⁸·
157 1399 187 1423 et
198 1397 269 1431 4’¹⁴
293 1414 330 1449 et
368 1407 527 1460 zelatis,
568 1406 832 1462 belliyeratis
871 1412 908 1447 et
936 1406 1136 1462 Zitiqatis.
1200 1404 1327 1454 Quod
1356 1407 1397 1447 si
1425 1404 1559 1447 zelum
1589 1417 1789 1446 amarum

294 1464 458 1506 habetis
499 1470 536 1504 et
575 1464 866 1505 contentiones
902 1463 952 1503 in
992 1462 1195 1503 cordibus
1238 1462 1407 1514 vestris,
1452 1458 1596 1513 nolite,
1635 1458 1788 1515 inquit,

293 1519 485 1576 yloriari
515 1526 552 1560 et
581 1519 810 1560 mendaces
841 1534 928 1560 esse
960 1518 1172 1560 adversus
1203 1519 1436 1559 veritatem.
1482 1516 1586 1558 Non
1617 1521 1676 1556 est
1700 1516 1787 1558 ista

293 1576 515 1631 sapientia
555 1575 783 1617 desursum
822 1575 1084 1617 descendens
1123 1590 1151 1616 a
1183 1580 1313 1629 patre
1342 1572 1567 1626 luminum,
1605 1570 1682 1613 sed
1708 1577 1789 1612 ter-

294 1646 416 1685 rena,
447 1631 669 1683 animalis,
700 1630 932 1672 diabolica.
1000 1630 1084 1671 Ubi
1113 1631 1228 1672 enim
1257 1629 1373 1671 zelus
1403 1635 1441 1670 et
1471 1628 1696 1680 contentio,
1726 1626 1789 1668 ibi

294 1688 594 1729 inconstantia
625 1692 662 1727 et
692 1701 811 1727 omne
842 1700 952 1741 opus
976 1701 1183 1740 pravum.
1234 1684 1355 1733 Quae
1387 1690 1528 1726 autem
1560 1683 1788 1725 desursum

294 1749 354 1784 est
384 1744 622 1797 sapientia,
653 1743 850 1796 primum
881 1742 1053 1797 quidem
1079 1741 1262 1797 publica
1293 1747 1365 1793 est,
1395 1741 1553 1782 deinde
1576 1738 1789 1796 pacifica,

293 1799 499 1851 modesta,
540 1798 780 1851 suasibilis,
820 1797 943 1840 bonis
984 1798 1266 1850 consentiens,
1299 1796 1438 1852 plena
1481 1795 1789 1838 misericordia
1842 1814 1844 1816 ¹

294 1862 332 1897 et
348 1854 577 1909 fructibus
607 1855 745 1908 bonis,
776 1854 984 1896 iudicans
1008 1855 1103 1895 sine
1123 1853 1413 1906 simulatione,
1431 1851 1616 1908 fructus
1647 1857 1788 1893 autem

295 1912 491 1953 iustitiae
528 1912 574 1952 in
611 1925 723 1965 pace
760 1911 1002 1952 seminatur
1016 1909 1295 1965 facientibus
1328 1924 1495 1967 pacem.
1526 1933 1529 1937 ›
1563 1907 1697 1960 Unde,
1727 1907 1790 1947 in-

296 1968 400 2023 quit,
438 1966 549 2008 bella
587 1973 624 2007 et
652 1965 746 2008 lites
775 1967 825 2008 in
854 1965 1002 2008 vobis?
1059 1965 1217 2007 Nonne
1247 1964 1376 2007 ltine?
1423 1962 1584 2006 scilicet
1612 1977 1669 2005 ex
1698 1961 1788 2004 zelo

294 2037 440 2064 amaro
490 2029 533 2064 et
576 2021 933 2075 contentionibus,
979 2036 1088 2077 quae
1131 2027 1231 2064 sunt
1274 2021 1319 2062 in
1363 2019 1565 2062 cordibus
1607 2017 1791 2061 vestris?

295 2080 530 2135 Propterea
569 2077 742 2135 quidam
784 2093 838 2120 ex
878 2083 999 2134 parte
1029 2076 1330 2130 Hildebrandi,
1361 2075 1553 2119 scribens
1581 2073 1790 2132 grandem

296 2134 521 2192 epistolam
557 2149 636 2191 pro
677 2134 921 2176 defensione
955 2134 1147 2176 eiusdem
1181 2134 1247 2175 sui
1286 2132 1500 2189 Gregorii,
1539 2137 1718 2174 testatur
1745 2131 1791 2172 in

296 2191 474 2233 exordio
502 2190 731 2233 locutionis
761 2204 878 2244 suae,
906 2189 1017 2232 nolle
1046 2189 1262 2232 auditores
1293 2204 1392 2231 suos
1422 2188 1620 2242 salutare,
1651 2193 1790 2230 osten-

296 2247 400 2289 dens
441 2262 520 2304 per
555 2246 648 2300 hoc,
685 2246 995 2289 fraternitatem
1034 2261 1078 2288 se
1116 2260 1201 2287 non
1231 2245 1422 2301 diligere,
1460 2244 1576 2302 quod
1606 2249 1672 2286 est
1698 2243 1791 2284 uni-

295 2309 426 2345 tatem
455 2318 541 2344 non
580 2317 746 2357 amare3
787 2303 860 2358 qui
896 2307 1009 2344 certe
1048 2301 1239 2344 scribens
1275 2302 1435 2358 ubique
1475 2306 1623 2342 contra
1651 2312 1791 2341 sacra-

294 2366 439 2402 menta
479 2359 639 2402 Christi
677 2364 719 2401 et
754 2357 971 2411 ecclesiae,
1007 2358 1250 2400 terminavit
1286 2357 1539 2412 scripturam
1579 2368 1702 2397 suam
1738 2369 1790 2397 eo

298 2415 460 2457 scilicet
499 2414 711 2457 condendi
750 2414 962 2456 scismatis
1002 2428 1157 2468 errore,
1198 2427 1282 2469 quo
1322 2412 1483 2468 coepit3
1523 2417 1565 2454 et
1593 2411 1790 2453 nesciens

84 2484 120 2510 cf.
134 2483 283 2515 1ac.3,18.
297 2477 373 2512 aut
414 2478 702 2524 contemnens,
747 2469 864 2526 quod
901 2469 1063 2511 fruetus
1103 2469 1289 2511 iustitiae
1329 2469 1374 2510 in
1410 2482 1519 2525 pace
1557 2468 1793 2510 seminatur

297 2526 553 2569 facientibus
591 2540 755 2582 pacem,
793 2526 871 2567 ait:
915 2525 1024 2579 Nos,
1064 2527 1177 2568 sieut
1212 2528 1374 2568 iustum
1412 2531 1487 2578 est,
1516 2524 1792 2580 defendimus

297 2584 459 2625 iustam
483 2589 654 2638 partem
680 2581 885 2638 Greyorii
915 2597 943 2623 a
963 2581 1056 2624 Deo
1088 2582 1316 2637 assumpti.
1367 2580 1444 2623 Sic
1466 2581 1628 2637 quippe
1647 2580 1793 2623 Sacra

105 2652 182 2679 Gen.
195 2652 223 2685 5,
236 2651 282 2678 24.
299 2638 539 2695 Scriptura
571 2638 751 2680 Genesis
783 2639 834 2680 de
855 2637 1006 2679 Enoch
1038 2638 1158 2690 dicit,
1190 2638 1306 2693 quod
1334 2636 1458 2679 illum
1481 2637 1603 2678 Deus
1631 2635 1791 2689 tulerit,

327 2696 509 2737 uoniam
538 2709 628 2735 non
659 2695 889 2749 apparuit.
950 2692 1036 2735 Sed
1072 2693 1281 2735 catholica
1319 2692 1503 2735 ecclesia
1539 2690 1793 2748 comprobat

298 2710 379 2792 iioc
414 2757 456 2793 et
493 2750 612 2803 dicit,
649 2748 763 2806 quod
799 2749 844 2790 in
882 2748 992 2790 libro
1028 2748 1081 2792 de
1116 2750 1278 2792 unitate
1309 2749 1515 2792 ecclesiae
1546 2748 1791 2804 Cyprianus

299 2858 329 2893 a)
352 2860 387 2885 14
410 2873 443 2879 -
468 2859 558 2891 agitis
580 2865 678 2884 errore
698 2857 851 2891 manifesto
871 2857 903 2883 in
918 2857 980 2890 fine
1001 2865 1024 2883 c.
1048 2858 1075 2884 5.
1095 2858 1179 2890 ponit
1202 2859 1230 2885 1.
1272 2859 1306 2884 G.
1317 2858 1356 2884 W.

303 2940 340 2984 1)
366 2941 555 2984 Augustini
583 2940 702 2984 Opera
729 2941 791 2981 IV,
818 2941 852 2979 2,
879 2951 913 2983 p.
944 2939 1049 2973 1401.
1150 2938 1188 2982 2)
1217 2940 1258 2972 L.
1289 2950 1319 2972 c.
1346 2952 1382 2984 p.
1411 2940 1516 2973 1402.
