1878 3308
283 232 303 264 8
537 233 603 265 DE
629 232 840 266 UNl'rATE
867 231 1140 265 ECCLESIAE
1168 232 1536 266 CONSERVANDA.

284 344 428 399 vendi,
469 344 544 386 sed
572 343 746 387 vincula
779 349 1069 401 peccatorum,
1107 358 1193 386 non
1223 350 1271 386 ut
1300 343 1483 387 solveret
1511 351 1781 388 sacramenta

285 400 524 443 divinarum
564 401 886 457 scripturarum,
915 414 1055 456 neque
1086 407 1133 442 ut
1161 399 1189 441 li
1221 406 1311 442 aret
1337 400 1423 443 Dei
1453 401 1646 455 verbum,
1676 416 1780 458 quo·

68 470 188 500 mrim.
203 471 270 505 2‚9.
285 457 413 511 niam,
455 459 566 499 sicut
605 457 665 499 ait
703 455 935 513 apostolus,
974 456 1147 498 verbum
1231 458 1272 498 ei
1311 472 1401 499 ‘non
1439 464 1499 499 est
1529 458 1775 515 alliyatum.

284 513 400 569 Ergo
431 513 643 568 praecipit
662 513 876 554 Dominus
907 527 984 569 per
1006 512 1188 567 Moysen
1216 511 1314 553 filiis
1343 512 1488 568 Israel,
1518 513 1649 556 immo
1679 513 1778 556 filiis

285 568 504 623 ecclesiae,
546 568 601 610 ad
639 583 747 625 quos
787 569 925 624 magis
962 568 1147 624 pertinet
1175 569 1451 624 repromissio
1480 569 1635 613 Israel:
1675 570 1776 613 Non
1804 600 1806 602 >

70 644 269 678 Exod.2o,7.
286 640 477 668 assumes
506 640 660 667 nomen
680 625 767 666 Dei
795 626 861 666 tui
889 626 937 667 in
973 640 1131 666 vanum
1139 640 1154 678 ,·
1187 640 1262 666 nee
1292 628 1402 667 enim
1432 625 1602 669 habebit
1630 628 1780 669 inson-

283 688 364 723 tem
396 681 611 723 Dominus
642 695 750 734 eum,
790 682 866 736 qui
896 682 1181 736 assumpserit
1210 695 1364 723 nomen
1395 681 1563 724 domini
1591 682 1679 725 Dei
1707 685 1780 725 sui

284 739 332 779 in
349 737 550 791 frustra.
611 736 718 790 Quis
757 737 914 792 poterit
952 735 1118 779 solvere
1146 737 1270 779 istam
1300 737 1479 778 Domini
1507 738 1779 791 sententiam,

282 793 372 834 sive
416 791 545 846 illam,
592 807 677 848 qua
719 791 907 848 loquitur
981 807 1028 835 er
1055 792 1325 835 Ezechielem
1369 793 1642 849 prophetam:
1691 793 1780 843 Qui

93 842 269 908 Elzgc¹1¹33¹⁷'
284 849 408 891 solvit
438 856 632 904 pactum,
671 849 876 905 nunquid
913 863 934 889 e
969 848 1113 906 uyiet?
1160 849 1257 892 Vivo
1289 864 1378 906 eqo,
1411 850 1518 892 dicit
1546 851 1779 905 Dominus,

158 900 165 915 '
221 901 228 908 ’
284 906 494 960 quoniam
522 907 829 957 iuramentum,
862 905 977 960 quod
1007 907 1183 959 sprevit,
1214 912 1252 948 et
1274 912 1471 960 pactum,
1502 907 1619 962 quod
1641 921 1776 963 prae-

282 962 512 1003 varicatus
541 967 613 1014 est,
638 976 806 1017 ponam
835 962 883 1002 in
914 967 1049 1016 caput
1078 963 1185 1002 eius.
1243 961 1369 1003 Unde
1407 968 1451 1004 et
1479 962 1521 1003 in
1553 961 1778 1019 euangelio

283 1017 376 1072 ipse
397 1016 610 1058 Dominus
640 1023 682 1059 et
706 1015 892 1058 salvator
921 1017 993 1070 ait,
1024 1016 1140 1072 quod
1171 1024 1283 1059 certe
1313 1017 1464 1060 beatus
1484 1018 1636 1062 Petrus
1667 1019 1781 1061 sicut

66 1066 211 1132 '¹⁸‘ssss
224 1067 270 1096 ¹⁸·
283 1071 552 1129 praedicavit
581 1074 642 1114 sic
671 1088 697 1114 a
727 1072 915 1114 Domino
946 1074 1134 1128 accepit:
1173 1073 1311 1115 Amen
1342 1075 1439 1116 dico
1469 1075 1613 1118 vobis:
1644 1076 1780 1118 donec

182 1126 187 1132 ’
283 1135 482 1172 trauseat
521 1129 687 1171 eaelum
724 1135 762 1170 et
799 1136 932 1182 tero-a,
971 1129 1064 1170 iota
1102 1144 1240 1171 unum
1279 1136 1354 1171 aut
1393 1145 1510 1172 unus
1542 1146 1776 1187 apeoe‘non

274 1185 538 1240 praeteribit
569 1201 597 1226 a
626 1184 729 1241 leye,
762 1185 895 1226 donee
928 1186 1075 1227 omnia
1094 1185 1227 1238 fiant.
1278 1184 1365 1234 Qui
1395 1193 1538 1228 autem
1567 1203 1704 1230 unum
1726 1187 1779 1229 de

282 1241 506 1283 mandatis
549 1242 648 1282 istis
690 1241 883 1283 minimis
927 1241 1100 1283 solverit
1146 1248 1183 1283 et
1228 1241 1423 1284 docuerit
1466 1244 1529 1285 sic
1571 1244 1779 1296 homines,

282 1299 490 1339 minimus
519 1297 746 1338 vocabitur
774 1298 823 1338 in
853 1311 988 1353 reyno
1016 1297 1245 1339 caelorum.
1290 1297 1406 1339 Hinc
1437 1306 1608 1342 sanctus
1630 1300 1777 1355 Augu-

284 1353 421 1395 stinus
460 1354 504 1394 in
541 1351 650 1394 libro
682 1352 734 1395 de
766 1367 962 1394 sermone
993 1353 1171 1394 Domini
1201 1354 1245 1394 in
1274 1359 1469 1396 monte¹:
1499 1358 1691 1402 Mandata,
1717 1356 1779 1397 in-

283 1409 387 1465 quit,
418 1411 665 1457 significantur
687 1423 757 1455 per
773 1423 893 1445 ›unum
917 1411 991 1446 iota
1026 1418 1057 1446 et
1077 1424 1145 1455 per
1171 1424 1282 1446 unum
1309 1414 1453 1457 apicem.
1507 1413 1579 1454 Qui
1605 1425 1684 1458 erqo
1711 1416 1778 1449 sol-

283 1468 371 1502 verit
406 1472 436 1502 et
470 1467 628 1501 docuerit
660 1467 720 1508 sic,
756 1467 796 1500 id
823 1471 871 1500 est
905 1467 1099 1500 seeundum
1133 1467 1196 1501 hoc
1221 1468 1317 1511 quod
1342 1468 1456 1510 solvit,
1482 1479 1554 1502 nou
1582 1469 1776 1503 secundum

283 1518 346 1551 hoe
379 1517 472 1560 quod
504 1515 637 1549 invenit
669 1520 700 1549 et
725 1515 864 1560 leyi-tur,
897 1516 1062 1549 minimus
1098 1516 1281 1549 vocabitur
1316 1516 1354 1550 in
1388 1527 1494 1562 reyno
1527 1518 1716 1559 caelorum,
1743 1524 1779 1553 et·

273 1566 432 1609 fortasse
456 1565 536 1598 ideo
570 1564 639 1597 ait.-
670 1576 740 1598 non
767 1566 831 1598 erit
857 1565 895 1597 in
920 1576 1027 1609 regno
1054 1565 1241 1606 caelorum,
1277 1565 1338 1598 ubi
1362 1566 1434 1598 uisi
1463 1566 1583 1610 maqni
1608 1578 1681 1600 esse
1706 1579 1779 1601 non

276 1619 438 1658 possunt.
489 1609 608 1664 Ergo
647 1623 745 1650 cum
785 1608 880 1651 talis
920 1610 975 1650 sit
1012 1610 1086 1665 qui
1116 1609 1290 1652 solverit
1318 1625 1452 1652 unum
1481 1610 1534 1652 de
1563 1611 1781 1654 mandatis

281 1663 460 1705 Domini
497 1665 698 1718 minimis,
739 1663 875 1721 qualis
916 1665 996 1707 erit
1033 1665 1107 1720 qui
1146 1664 1322 1708 solverit
1362 1681 1493 1708 unum
1525 1666 1578 1709 de
1610 1668 1781 1724 magnis

282 1720 371 1762 sive
403 1719 455 1762 de
485 1721 685 1762 maximis
714 1721 893 1762 Domini
922 1721 1164 1763 mandatis?
1222 1720 1333 1764 Cum
1369 1723 1482 1764 enim
1511 1723 1783 1779 prohibuerit

281 1775 495 1819 Dominus
524 1777 569 1817 in
599 1776 822 1833 euangelio
861 1777 1003 1819 iurare
1041 1778 1130 1819 sive
1159 1791 1237 1833 per
1266 1784 1422 1820 terram
1453 1780 1548 1821 sive
1578 1794 1655 1836 per
1685 1794 1778 1823 cae-

281 1830 369 1873 lum
398 1838 472 1874 aut
499 1848 576 1889 per
595 1832 757 1890 aliquid
777 1832 1036 1888 huiusmodi,
1066 1848 1208 1876 nonne
1237 1847 1454 1889 magnum,
1483 1835 1615 1877 immo
1645 1836 1782 1878 maxi-

281 1902 399 1929 mum
434 1895 660 1944 peccatum
691 1894 755 1931 est
784 1890 836 1942 ei,
867 1889 902 1931 si
930 1890 1025 1946 quis
1054 1890 1099 1931 in
1128 1904 1287 1932 vanum
1317 1892 1596 1948 assumpSerit
1623 1907 1780 1936 nomen

65 1950 171 1977 Matth·
183 1951 267 1984 ⁵‚33·
282 1943 446 1986 domini
465 1945 551 1987 Dei
577 1945 674 1987 sui?
722 1945 938 1999 Audistis,
967 1946 1120 2001 inquit,
1152 1947 1258 2002 quia
1287 1947 1449 1989 dietum
1478 1954 1539 1989 est
1568 1949 1781 2005 antiquis,

107 1990 215 2018 3⁵·37'
282 2015 370 2042 non
406 2001 646 2057 peierabis,
686 2001 839 2044 reddes
885 2008 1026 2044 autem>
1055 2003 1245 2044 Domino
1289 2003 1603 2046 iusiurandum
1644 2011 1782 2048 tuum.

282 2057 381 2114 qu
415 2064 556 2100 autem
588 2058 685 2100 dieo
715 2057 857 2100 vobis:
888 2073 977 2100 ‘nou
1007 2058 1182 2100 iurabis
1213 2060 1388 2101 omniuo
1419 2075 1554 2116 neque
1577 2075 1662 2116 per
1681 2076 1779 2103 eae-

281 2112 384 2166 lum,
425 2115 531 2170 quia
569 2115 753 2156 thronus
782 2114 870 2155 Dei
899 2120 971 2166 est,
1003 2130 1138 2170 neque
1163 2129 1248 2169 per
1277 2121 1449 2168 terram,
1481 2117 1587 2171 quia
1618 2117 1777 2160 scabel-

281 2168 370 2210 lum
401 2176 461 2211 est
484 2170 648 2225 pedum
678 2171 771 2212 eius
802 2177 844 2211 et
864 2176 1016 2211 cetera.
1063 2170 1132 2212 Sit
1163 2176 1315 2223 autem,
1347 2171 1419 2224 ait,
1449 2185 1587 2214 sermo
1617 2179 1782 2216 vester:

281 2231 355 2278 est,
387 2231 460 2278 est,
493 2241 596 2277 non,
628 2241 742 2279 720225
775 2226 890 2281 quod
912 2232 1054 2267 autem
1084 2227 1152 2267 his
1184 2226 1487 2268 abundantius
1511 2234 1582 2280 est,
1614 2243 1642 2270 a
1663 2228 1781 2271 malo

282 2287 354 2322 est.
414 2280 679 2338 Euangelica
719 2280 891 2338 quidem
931 2281 1134 2337 perfectio
1174 2282 1461 2324 iuramentum
1494 2297 1580 2324 non
1609 2285 1778 2341 recipit,

283 2335 357 2378 sed
398 2338 535 2379 omnis
574 2351 713 2379 sermo
745 2337 963 2379 christiani
998 2338 1057 2379 ita
1099 2352 1224 2379 verus
1260 2351 1311 2378 ac
1348 2337 1485 2380 fidelis
1524 2340 1616 2393 erit,
1652 2341 1776 2396 quasi

280 2391 567 2435 iuramentum
600 2394 696 2449 quis
718 2392 895 2446 dederit,
926 2398 968 2434 et
987 2400 1227 2448 propterea,
1259 2394 1369 2435 sicut
1398 2396 1576 2450 exponit
1604 2404 1778 2439 sanctus

282 2448 564 2503 Augustinus,
593 2448 847 2504 intelligitur
865 2450 1137 2505 praecepisse
1158 2449 1406 2503 Dominum,
1437 2465 1490 2492 ne
1520 2451 1696 2505 iuretur,
1724 2467 1780 2494 ne

283 2504 506 2559 quisquam
549 2506 659 2546 sicut
697 2505 857 2547 bonum
898 2511 1072 2561 appetat
1109 2505 1403 2547 iusiurandum
1449 2513 1490 2548 et
1527 2506 1779 2551 assiduitate

281 2560 450 2601 iurandi
480 2574 557 2615 per
578 2561 926 2603 consuetudinem
957 2560 1181 2603 delabatur
1209 2560 1264 2602 ad
1293 2562 1539 2616 periurium.
1589 2563 1777 2606 Proinde

282 2615 411 2656 etiam
433 2622 604 2658 sanctus
620 2616 803 2658 Iacobus
823 2616 1041 2672 apostolus
1058 2616 1313 2658 confirmans
1329 2618 1581 2660 sententiam
1598 2619 1777 2662 Domini

104 2685 167 2714 120.
180 2686 266 2720 5‚12.
287 2670 340 2714 de
370 2671 464 2727 ipso
495 2678 782 2714 sacramento:
815 2673 927 2714 Ante
958 2674 1118 2725 omnia,
1147 2673 1299 2728 inquit,
1316 2672 1491 2727 fratres
1521 2676 1617 2729 mei,
1647 2676 1779 2719 ‘nolite

289 2815 614 2896 1)117)3eDserm0ne
650 2806 795 2849 Domini
837 2818 874 2848 in
909 2821 1028 2849 monte
1065 2827 1137 2851 sec.
1163 2818 1288 2851 Matth.
1322 2818 1352 2858 Ι,
1381 2818 1438 2851 20.
1491 2818 1610 2861 Opera
1644 2818 1716 2860 111,
1744 2818 1783 2860 2,

281 2876 315 2907 p.
463 2888 470 2896 .
