1878 3308
354 266 422 302 DE
446 267 660 302 URITATE
686 269 962 304 ECCLESIAE
988 270 1357 305 CONSERVANDA.
1590 275 1616 306 ὃ

107 379 395 439 patestatem?
432 381 552 423 Bene
568 381 656 436 fac
686 388 724 424 et
754 382 929 424 habebis
958 382 1133 424 laudem
1162 397 1215 423 επ
1243 382 1350 436 illa5
1381 383 1468 425 Dei
1497 385 1612 425 enim

113 437 315 480 nim
349 436 430 479 tibi
456 438 507 479 in
543 437 727 491 bonum;
756 441 793 480 a·
832 445 973 480 autem
1007 437 1120 480 male
1143 437 1325 494 feceris,
1363 440 1484 491 time;
1522 453 1610 480 non

113 495 226 536 enh·
253 493 350 536 sine
369 507 510 536 causa
532 493 733 550 qladium
748 500 899 550 portat
906 508 924 548 ,·
953 494 1041 537 Dei
1060 496 1174 537 enim
1193 495 1392 536 ‘minister
1411 501 1485 547 est,
1516 495 1609 536 viu-

62 560 69 580 ›‘
113 548 203 592 ‹10oe
240 549 292 591 in
332 550 450 592 iram
493 550 535 591 ei
605 551 656 592 ui
690 549 854 592 malum
894 552 1003 606 agit.
1059 549 1132 591 Ex
1171 549 1237 591 his
1276 556 1390 592 certe
1429 548 1615 606 apostoli

111 603 259 648 verbis
286 610 481 670 apparet,
511 619 560 646 or
591 620 733 648 masse
755 605 914 660 Deum,
942 619 1028 648 non
1058 620 1137 662 per
1164 606 1377 648 antistites
1407 613 1450 648 et
1477 604 1611 648 eccle-

112 659 275 704 siarum
302 661 522 718 principes
551 662 696 703 omnia
723 661 904 704 crimina
929 661 1181 715 vindicari¹,
1213 661 1290 704 sed
1317 676 1369 704 ea
1398 676 1509 719 quae
1538 676 1617 704 ex-

114 715 275 760 cedunt
320 716 632 759 districtionem
675 716 991 760 ecclesiasticae
1039 716 1226 760 lenitatis
1274 718 1486 760 vindicari
1535 731 1613 774 per

112 771 311 816 Iudicem
334 772 497 815 mundi.
542 772 847 816 Sacerdotale²
876 774 991 816 enim
1021 773 1228 816 iudicium
1258 788 1343 816 non
1372 773 1502 816 habet
1529 774 1617 815 nisi

111 827 305 885 gladium
333 829 521 886 spiritus,
581 828 669 872 uod
695 837 762 872 est
783 829 963 873 verbum
988 830 1087 882 Dei,
1117 837 1247 887 atque
1266 829 1378 884 ideo,
1408 845 1505 872 cum
1535 844 1613 886 per

114 883 429 928 ecclesiasticas
457 899 504 927 re
580 899 629 927 as
656 900 742 927 non
793 886 949 928 otuerit
973 885 1184 928 hereticos
1204 900 1401 929 coercere
1430 884 1622 928 ecclesia.

187 940 200 950 “
255 939 497 994 adiuvatur,
535 943 645 984 sicut
673 942 733 983 ait
793 949 912 984 eatus
941 942 1031 985 Leo
1061 957 1117 998 pa
1150 957 1188 995 a,
1220 943 1379 985 severis
1409 942 1616 984 constitu·

113 995 306 1039 tionibus
339 996 667 1040 christianorum
703 997 965 1055 principum,
1001 957 1173 1055 quango
1203 999 1257 1040 ad
1287 997 1479 1054 spiritale
1508 1012 1612 1039 non-

112 1066 336 1110 nunquam
363 1060 589 1096 recurrunt
607 1053 844 1097 remedium
906 1054 951 1095 ui
971 1055 1122 1096 timent
1141 1054 1362 1111 corporale
1387 1053 1618 1096 iudicium-

114 1107 259 1166 Saepe
295 1114 439 1152 autem
477 1111 672 1165 contigit,
711 1124 836 1165 reges
870 1124 895 1151 a
915 1111 1038 1166 'quos
1076 1110 1145 1152 vel
1173 1111 1453 1166 imperatores
1480 1108 1611 1151 fuisse

111 1163 397 1208 hereticorum
435 1164 624 1208 fautores
653 1173 782 1222 atque
812 1165 1074 1220 defensores3
1105 1166 1182 1208 sed
1211 1173 1370 1222 quanto
1400 1165 1612 1207 crudelior

113 1219 251 1264 hostis
287 1220 346 1263 ad
372 1221 629 1275 nocendum,
667 1228 787 1264 tanto
817 1223 1110 1278 perspicacior
1138 1237 1243 1264 cura
1270 1229 1361 1265 erat
1389 1222 1612 1278 episcopo-

113 1290 211 1319 rum
249 1291 329 1333 pro
366 1277 609 1334 expetenda
647 1293 756 1334 pace
795 1277 1083 1331 ecclesiarum,
1113 1279 1315 1335 quoniam
1345 1279 1470 1319 iuxta
1498 1276 1612 1318 Ana-

113 1332 233 1375 maii
260 1346 403 1389 papae
431 1334 725 1376 testimonium
754 1332 825 1376 ille
854 1348 934 1389 pro
964 1333 1136 1376 Christo
1164 1334 1357 1390 fungitur
1383 1333 1611 1389 legatione,

113 1388 187 1446 qui
222 1402 303 1445 pro
339 1402 447 1445 pace
484 1395 685 1445 precatur
724 1388 969 1431 ecclesiae⁸.
1028 1389 1302 1446 Quapropter
1339 1389 1455 1431 idem
1495 1389 1613 1430 Ana-

114 1443 271 1487 stasius
318 1444 470 1488 scribit
516 1444 572 1487 ad
615 1445 888 1487 Anastasium
938 1445 1239 1500 imperatorem
1286 1445 1519 1487 hereticum
1569 1451 1612 1487 et

114 1498 382 1543 defensorem
411 1500 695 1543 hereticorum
708 1507 744 1542 ⁴:
786 1503 1044 1538 Gloriosissimo
1070 1509 1103 1538 et
1127 1505 1389 1539 clementissimo
1405 1504 1486 1547 filio
1511 1502 1610 1538 Ana-

114 1559 225 1594 uan'o
250 1565 402 1604 aequato
421 1561 637 1594 Anastasius
663 1561 856 1604 episcopus.
897 1560 1096 1593 Exordium
1116 1559 1345 1602 pcmtg'ficatus
1363 1558 1430 1592 mei
1440 1559 1619 1602 primitus·

114 1608 237 1643 oblata
264 1609 409 1653 populis
437 1621 530 1652 pace
557 1609 777 1652 pronuntio‚·
812 1613 1061 1651 consequenter
1083 1620 1152 1651 pro
1168 1608 1245 1651 fide
1270 1607 1442 1640 catholiea
1467 1606 1618 1640 humilis·

106 1656 238 1702 ,δοιαὶ
270 1663 354 1691 mae
379 1664 550 1701 precator
583 1669 740 1699 occurro,
774 1658 810 1690 in
846 1668 994 1700 quorum
1014 1655 1132 1700 primo
1159 1657 1320 1689 divinum
1336 1656 1503 1700 savorem
1523 1667 1608 1698 pro-

106 1704 306 1751 pinquam
343 1706 490 1750 confido,
524 1707 619 1750 quod
652 1706 884 1739 consonantia
918 1705 955 1738 in
989 1717 1043 1739 me
1077 1705 1317 1749 augustissimi
1350 1704 1501 1738 nominis
1539 1715 1610 1737 mm

113 1753 260 1789 dubium
279 1761 446 1799 praestat
463 1754 650 1796 auxilium,
677 1761 715 1788 ut
732 1754 823 1788 sicut
840 1754 1048 1787 vocabulum
1068 1754 1213 1797 pietatis
1235 1759 1317 1786 tuae
1338 1765 1407 1796 per
1424 1754 1609 1787 universas

113 1807 234 1849 quum
267 1807 335 1837 toto
369 1803 451 1837 orbe
479 1804 695 1848 praqfnlqet,
729 1803 782 1836 t'la
803 1814 871 1846 per
895 1802 1127 1836 ministerium
1153 1813 1249 1835 meae
1274 1801 1495 1843 humilitatis,
1521 1802 1610 1834 sicut

113 1861 250 1896 temper
283 1858 344 1894 eet,
379 1852 479 1886 sedes
511 1852 703 1886 beatissimi
726 1852 825 1885 Petri
855 1851 894 1884 in
925 1850 1121 1884 universali
1152 1851 1303 1884 ecclesia
1333 1851 1553 1895 assignatum
1588 1860 1612 1881 a

113 1900 254 1935 danim
279 1900 358 1934 Deo
382 1906 499 1934 teneat
517 1901 773 1944 principatum.
824 1895 883 1938 Et
913 1895 1111 1938 Gelasius
1141 1910 1256 1951 papa
1294 1894 1486 1937 scribens
1514 1909 1610 1950 per-

112 1949 249 1994 multa
276 1950 335 1993 ad
353 1950 538 1993 eundem
557 1951 835 1993 Anastasium
855 1952 1155 2007 imperatorem
1186 1965 1263 2007 pro
1283 1964 1392 2006 pace
1413 1949 1610 1992 ecclesia-

114 2006 237 2059 stiea,
256 2006 319 2048 sie
338 2006 400 2049 ait
417 2007 530 2049 inter
543 2013 686 2049 cetera
697 2014 733 2048 ⁵:
753 2010 829 2044 Fili
845 2009 1118 2050 clementissime,
1144 2021 1228 2053 roqo
1246 2015 1276 2043 le
1287 2020 1393 2053 pure,
1410 2009 1555 2051 sincere,
1573 2013 1615 2042 ut

119 2076 175 2100 me
196 2066 236 2099 ἐκ
260 2065 329 2099 leae
350 2065 425 2099 vita
452 2065 584 2099 audias
604 2066 728 2109 pocius
751 2065 1007 2108 deprecantem,
1033 2076 1151 2107 quam,
1225 2064 1273 2097 od
1299 2063 1399 2104 absit,
1425 2062 1462 2096 in
1488 2062 1611 2096 divino

116 2113 252 2148 iudicio
287 2113 422 2148 centia·
460 2119 692 2149 accusantem.
746 2110 819 2151 Sic
858 2115 986 2162 certe,
1030 2110 1092 2150 sic
1132 2123 1178 2150 so
1196 2107 1325 2150 ebant
1353 2107 1451 2150 Deo
1490 2107 1610 2173 digni

115 2163 343 2222 pontifices
390 2164 573 2207 Romani
622 2163 873 2230 suppliciter
920 2163 1142 2220 deprecari
1190 2178 1270 2221 pro
1318 2162 1613 2207 ecclesiastica

115 2233 236 2278 pace,
274 2234 361 2263 non
401 2227 667 2277 quaerentes,
706 2235 837 2263 immo
866 2234 1102 2276 numquam
1132 2220 1423 2276 concipientes
1452 2220 1612 2272 animo,

114 2275 282 2333 aliquos
324 2275 378 2319 de
421 2275 597 2332 regibus
640 2277 730 2319 sive
774 2276 1104 2333 imperatoribus
1149 2275 1384 2332 deponere3
1428 2282 1471 2317 et
1512 2274 1609 2317 ideo

112 2346 266 2390 pacem
307 2333 612 2389 quaerentibus
649 2339 779 2389 atque
809 2346 959 2398 pacem
991 2331 1266 2375 offerentibus
1294 2331 1443 2373 aderat
1471 2330 1615 2383 Deus,

114 2402 394 2433 remunerans
414 2388 708 2442 humilitatem,
738 2390 984 2445 patientiam
1007 2395 1051 2431 et
1069 2387 1441 2430 mansuetudinem
1461 2400 1608 2430 eorum

114 2451 160 2487 et
186 2444 411 2487 vindicans
441 2460 486 2487 se
515 2459 648 2502 super
677 2443 873 2487 hostibus
902 2459 1065 2486 eorum.
1122 2443 1233 2486 Nam
1270 2451 1500 2500 postquam
1540 2441 1611 2484 ille

114 2500 244 2543 etiam
274 2500 528 2543 Anastasius
556 2501 789 2557 imperator
825 2499 1036 2543 hereticus
1075 2498 1294 2557 praesules
1333 2497 1608 2541 eeclesiarum

114 2554 406 2620 supplicantes
442 2555 591 2599 audire
629 2557 897 2612 contempsit,
935 2555 1083 2598 divino
1123 2555 1282 2598 iudicio
1318 2554 1497 2598 adustus
1533 2553 1611 2596 ful-

115 2624 232 2653 mine
259 2611 434 2654 interiit.
492 2612 673 2665 Quaerit
699 2620 842 2655 autem
872 2626 986 2654 nunc
1015 2611 1169 2676 aliquis
1200 2611 1448 2668 pontificum
1483 2610 1612 2666 depo·

116 2680 218 2709 nere
236 2666 475 2723 principem
496 2667 770 2725 populorum,
791 2666 907 2725 quod
928 2674 993 2710 est
1012 2674 1200 2710 excitare
1222 2667 1344 2725 quasi
1365 2665 1608 2709 incendium

120 2804 161 2848 1)
187 2805 242 2839 Cf.
269 2805 389 2838 Bruno
416 2804 461 2838 de
488 2806 523 2839 b.
550 2807 634 2840 Su.
662 2817 693 2840 c.
713 2806 777 2847 673
805 2811 842 2840 et
866 2807 958 2840 infra
983 2807 1013 2846 1,
1034 2808 1090 2840 11.
1119 2811 1153 2840 et
1181 2807 1231 2846 11,
1253 2809 1283 2839 1.
1372 2806 1411 2842 2>
1438 2805 1492 2839 cf.
1521 2804 1610 2838 Cod.

118 2853 282 2888 Udalrici
308 2854 368 2891 49,
395 2854 451 2887 ed.
468 2853 564 2887 δηθά
578 2854 623 2894 V,
647 2866 683 2898 p.
706 2854 787 2888 107.
814 2859 850 2888 et
870 2854 950 2888 108.
1026 2856 1063 2894 3)
1089 2855 1191 2888 Thiel
1218 2856 1248 2897 1,
1275 2866 1308 2898 p.
1328 2854 1409 2886 616.
1475 2854 1512 2893 4)
1539 2853 1561 2885 l.
1578 2863 1613 2885 c.

119 2914 155 2947 p.
178 2902 262 2937 61⁶.
289 2907 325 2935 et
351 2902 434 2935 ⁶16.
536 2903 574 2943 6)
601 2903 797 2936 Binscbius
825 2914 860 2947 p.
888 2903 969 2936 640.
