1878 3308
277 277 310 310 X
884 275 1170 308 PRAEFATIO.

280 398 420 435 eaestat
440 391 626 447 epistula
647 388 851 430 monachi
875 387 1104 429 cuiusdam
1130 386 1472 443 Hirsauyiensis
1485 395 1589 444 post
1610 404 1777 434 annum

282 448 403 493 1089.
435 454 588 490 cont-ra
613 443 861 490 Clementem
879 458 1050 499 papam
1071 443 1251 498 scripta,
1283 457 1385 498 qua,
1416 459 1513 486 cum
1532 452 1639 488 esset
1657 462 1776 490 acer-

279 505 423 547 bitatis
459 504 613 559 plena,
645 499 791 556 facile
825 499 932 554 fieri
969 499 1129 554 potuit,
1170 504 1218 539 ut
1255 497 1487 556 apoloqiae
1526 508 1680 545 auctor
1719 504 1780 547 ad

279 561 552 603 scribendum
583 558 856 600 incitaretur.
911 555 1062 610 Itaque
1093 569 1181 596 non
1210 569 1381 597 necesse
1411 563 1471 598 est
1502 558 1779 614 arbitremur,
1809 610 1812 612 μ

281 631 376 658 eum
404 617 494 658 iam
526 614 733 671 Greqorii
762 611 951 668 epistula
983 609 1251 666 compulsum
1282 625 1383 662 esse,
1415 619 1461 653 ut
1493 613 1777 658 adversarius

273 688 427 729 papae
447 673 679 713 eoesisteret.
721 668 913 720 Accedit,
945 667 1061 722 quod
1082 681 1134 708 eoe
1158 665 1250 707 illis
1279 666 1385 709 locis
1414 667 1520 712 libri
1538 670 1574 711 Ι.
1605 671 1660 713 de
1680 674 1778 714 uni-

280 734 365 770 tate
395 727 492 770 eccl.
532 732 589 782 (c.
622 727 660 768 3.
693 726 731 767 6.
767 724 855 777 12),
893 723 1050 778 quibus
1079 737 1159 764 nos
1190 724 1287 779 coqi
1316 723 1475 766 Ewald
1536 732 1644 779 utat,
1681 729 1779 770 vivo

282 784 585 826 Hildebrando
615 782 774 824 librum
796 781 885 822 scri
919 785 1007 821 tum
1038 793 1127 820 esse
1158 784 1359 832 statuere,
1389 781 1488 822 nihi
1529 796 1584 824 ar
1614 785 1780 826 umenti

278 842 370 896 peti
391 846 546 896 potest.
591 839 711 880 Nam
737 837 852 893 quod
871 795 1057 892 lgyitur:
1087 833 1243 890 probet
1260 849 1376 876 nunc
1405 834 1475 880 ille
1495 836 1570 879 Hil
1601 837 1780 894 ebrand,

285 897 385 938 inde
415 911 504 938 non
535 895 784 937 necessario
815 891 1019 948 efficitur,
1049 892 1180 933 etiam
1210 891 1307 932 vivo
1340 891 1644 937 Hildebrando
1673 895 1780 938 haec

280 953 408 994 verba
450 953 617 1007 scripta
661 964 763 991 esse.
822 948 910 991 Sed
950 953 997 988 ut
1033 961 1113 988 nos
1150 962 1330 1002 quoque,
1372 948 1448 990 ubi
1484 949 1536 991 de
1566 952 1780 1007 scriptore

282 1008 430 1064 aliquo
453 1009 545 1049 iam
575 1006 741 1049 dudum
770 1011 936 1047 mortuo
968 1003 1154 1045 dicimus
1166 1010 1195 1055 ¹,
1218 1005 1450 1060 praesenti
1479 1011 1667 1062 tempore
1695 1009 1776 1050 nti-

281 1080 391 1116 mur,
421 1065 486 1105 ita
516 1065 646 1105 etiam
677 1062 728 1104 de
759 1059 1079 1111 Hildebranclo,
1110 1060 1272 1114 quippe
1302 1061 1429 1101 cuius
1459 1064 1578 1103 mens
1610 1068 1656 1104 in
1686 1065 1778 1118 epi-

281 1120 408 1161 stulis
429 1121 636 1175 spiraret,
666 1118 744 1160 illa
765 1116 896 1159 verba
911 1115 1056 1171 facile
1086 1115 1177 1157 dici
1194 1121 1440 1171 potuerunt.
1485 1115 1631 1165 Quid?
1663 1120 1779 1175 quod

281 1191 332 1217 ea
363 1190 451 1218 non
482 1182 570 1217 tam
601 1173 951 1216 Hildebrandum
979 1173 1125 1226 ipsum
1183 1186 1287 1212 uam
1317 1186 1386 1213 eos
1416 1175 1672 1228 respiciunt,
1703 1176 1782 1231 qui

284 1233 377 1274 eius
401 1237 555 1287 partes
585 1227 901 1287 sequebantur?
963 1226 1088 1275 Quod
1119 1228 1137 1267 i
1170 1242 1233 1268 em
1262 1227 1375 1269 valet
1404 1229 1456 1270 de
1485 1230 1627 1272 verbis
1661 1247 1696 1276 c.
1727 1231 1778 1273 6:

281 1286 358 1330 sed
396 1302 524 1343 saepe
563 1286 701 1328 dictus
731 1299 846 1341 papa
875 1282 1146 1325 Hildebrand
1175 1297 1322 1338 regem
1353 1315 1363 1325 .
1396 1316 1406 1325 .
1438 1316 1447 1326 .
1480 1315 1491 1326 .
1552 1287 1690 1329 uaerit
1718 1288 1780 1329 ita

280 1343 549 1397 inhonorare,
579 1349 626 1384 ut
655 1341 757 1384 velit
786 1347 860 1382 etc.
917 1339 1036 1381 Nam
1077 1340 1155 1381 hoc
1193 1338 1284 1381 loco
1316 1339 1480 1382 dicitur
1508 1300 1561 1384 dle
1590 1343 1779 1398 epistula

284 1400 374 1454 illa,
406 1401 532 1442 cuius
553 1400 620 1440 vis
650 1399 780 1440 etiam
810 1403 900 1438 tum
920 1395 1103 1451 vigebat,
1135 1410 1400 1451 quamquam
1457 1399 1508 1439 ui
1527 1412 1622 1440 eam
1642 1401 1779 1455 scrip-

281 1463 398 1497 serat
435 1461 631 1497 mortuus
671 1459 778 1496 erat.
836 1451 1000 1493 Eodem
1037 1451 1161 1492 modo
1205 1451 1411 1507 explicari
1446 1468 1475 1494 a
1513 1460 1616 1496 sunt
1649 1456 1781 1498 verba

282 1528 316 1554 c.
347 1512 403 1554 3.-
434 1511 601 1567 quaerit
628 1516 771 1552 autem
802 1521 919 1549 nunc
947 1506 1102 1562 aliquis
1131 1506 1384 1563 pontificum
1421 1507 1636 1564 deponere
1665 1512 1781 1567 prin-

283 1568 423 1623 cipem
460 1566 734 1623 populorum.
798 1564 919 1613 Quae
962 1563 1094 1604 verba
1132 1578 1220 1604 non
1261 1563 1390 1604 aliter
1425 1566 1516 1607 nisi
1543 1581 1631 1622 per
1669 1582 1776 1623 apo-

282 1623 501 1679 strophen,
532 1638 663 1679 quam
695 1620 858 1662 Graeci
887 1625 1056 1671 vocant,
1086 1619 1206 1660 dicta
1236 1625 1350 1660 sunt.

395 1679 528 1720 Nunc
577 1678 820 1719 transimus
872 1675 932 1717 ad
986 1689 1076 1715 eam
1116 1680 1287 1728 partem
1342 1675 1680 1731 disputationis,
1728 1680 1779 1721 in

284 1750 372 1791 qua
408 1749 693 1790 eoeponamus,
738 1732 836 1788 quis
879 1731 1038 1772 librum
1079 1729 1130 1771 de
1168 1731 1337 1771 unitate
1373 1731 1576 1774 ecclesiae
1611 1749 1781 1776 conser-

283 1791 433 1832 vanda
465 1791 701 1845 scripserit.
745 1788 813 1829 De
842 1802 931 1842 qua
960 1800 1008 1826 re
1033 1787 1116 1841 qui
1144 1787 1415 1841 scripserunt
1442 1794 1567 1830 tanta
1597 1796 1699 1832 sunt
1727 1791 1778 1833 in

284 1848 492 1889 varietate
538 1861 588 1888 ac
625 1844 908 1895 dissensione,
953 1848 1001 1883 ut
1044 1842 1235 1883 omnium
1279 1857 1426 1884 eorum
1464 1844 1684 1888 molestum
1723 1848 1781 1888 sit

283 1903 562 1945 dinumerare
605 1900 854 1943 sententias.
913 1899 968 1939 In
1008 1898 1089 1939 hac
1128 1899 1242 1940 enim
1277 1913 1325 1940 re
1362 1905 1400 1941 et
1437 1900 1514 1942 hoc
1543 1901 1780 1945 videndum

284 1965 356 2011 est,
392 1973 446 2000 ne
491 1957 607 2014 quod
645 1972 734 1999 non
771 1956 881 1997 satis
919 1954 1142 2009 emplorate
1182 1957 1403 2009 cognitum
1439 1957 1497 1997 sit
1533 1963 1780 2000 statuamus

284 2016 372 2056 sive
392 2014 691 2070 defendamuS,
722 2018 760 2053 et
790 2012 881 2064 hoc,
912 2026 965 2052 ne
994 2016 1154 2051 conatu
1184 2012 1360 2053 omnino
1391 2012 1650 2055 desistamus
1671 2029 1779 2070 per-

284 2071 388 2112 inde
426 2087 489 2125 ασἱ
518 2071 557 2113 si
593 2070 645 2112 de
686 2069 767 2110 hac
803 2081 849 2108 re
890 2072 1088 2108 neutram
1125 2066 1174 2108 in
1197 2073 1371 2120 partem
1408 2070 1514 2110 certi
1543 2071 1779 2127 quicquam

286 2128 494 2168 constitui
526 2127 682 2181 possit.
745 2124 963 2166 Huttenus
999 2122 1050 2163 de
1085 2123 1298 2177 scriptore
1337 2124 1570 2180 apologiae
1603 2132 1782 2168 nostrae

286 2183 351 2225 nil
387 2183 606 2225 diiudicat
644 2187 682 2222 et
720 2180 959 2236 qene2·atim
998 2184 1124 2233 atque
1158 2179 1360 2221 universe
1389 2180 1547 2223 dicit²:
1591 2182 1782 2224 ‘Eaeiluit

287 2238 509 2294 confestim
537 2239 605 2280 hic
636 2237 836 2293 quisquis
850 2233 962 2290 fuit,
993 2239 1101 2275 certe
1130 2233 1269 2275 malus
1299 2250 1392 2276 esse·
1417 2251 1504 2277 non
1527 2239 1678 2292 potuit
1701 2239 1782 2294 qui

287 2296 347 2336 sic
379 2295 570 2349 scripsit,
600 2292 754 2334 exiluit
783 2297 821 2332 et
841 2291 1049 2344 optimam
1069 2303 1249 2331 causam
1280 2292 1436 2344 optime
1465 2293 1580 2333 tueri
1600 2307 1779 2348 a99res-

287 2365 360 2391 sus
399 2352 483 2392 est’.
541 2350 775 2404 Postquam
811 2347 940 2387 etiam
979 2345 1229 2386 novissimis
1267 2346 1532 2400 temporibus
1576 2349 1783 2392 nonnulli

287 2406 338 2448 de
369 2406 452 2447 hac
493 2406 742 2461 quaestione
780 2403 1130 2456 disputaverunt,
1164 2401 1214 2442 id
1241 2403 1432 2443 maxime
1459 2417 1549 2445 rem
1578 2418 1779 2447 causam-

288 2476 368 2516 que
411 2463 611 2513 continet,
652 2465 798 2501 utrum
836 2456 1127 2498 Waltramus⁸
1157 2457 1389 2512 episcopus
1428 2458 1781 2515 Numburqensis

289 2517 539 2573 apoloqiam
582 2515 807 2569 scripserit
846 2528 906 2554 an
946 2511 1183 2554 monachus
1229 2513 1409 2568 quidam
1453 2514 1783 2559 Hersveldensis

289 2573 415 2615 cuius
437 2587 588 2614 nomen
612 2571 818 2614 constitui
846 2583 936 2610 non
949 2568 1104 2623 possit,
1135 2567 1200 2609 vel
1212 2570 1379 2623 potius,
1401 2575 1548 2612 utrum
1567 2573 1608 2614 is
1627 2587 1778 2615 mona-

291 2686 326 2727 1)
354 2687 400 2719 Et
425 2687 502 2729 ipse
535 2690 659 2719 auctor
683 2686 734 2717 ita
759 2684 892 2726 ubique
918 2682 993 2714 fere
1020 2682 1065 2714 de
1086 2682 1299 2724 Augustino,
1327 2683 1500 2727 Gregorio
1526 2685 1674 2729 Magno,
1700 2686 1783 2720 aliis

289 2735 391 2767 dixit.
494 2735 530 2777 2)
557 2734 673 2767 Praef.
700 2745 734 2777 p.
754 2733 789 2766 9.
880 2732 918 2773 3)
945 2731 1003 2764 Ita
1027 2741 1156 2763 nomen
1180 2732 1346 2765 scribitur
1372 2733 1463 2766 Anu.
1483 2734 1520 2767 S.
1538 2734 1655 2768 Disib.
1676 2734 1783 2778 1090,

290 2784 356 2817 SS.
382 2783 500 2822 XVII,
535 2795 568 2826 p.
597 2784 618 2815 9
645 2793 733 2825 sqq..
778 2780 851 2815 Sed
877 2781 971 2813 Anu.
999 2780 1145 2822 Pegav„
1180 2780 1244 2814 SS.
1270 2781 1367 2823 XVI,
1403 2794 1437 2825 p.
1466 2782 1548 2826 242,
1576 2794 1656 2816 eum
1681 2783 1782 2815 Wal-

288 2833 462 2865 rabanum
488 2829 789 2874 (Walravanum),
827 2830 870 2863 G.
897 2829 1080 2872 archiepp.
1106 2828 1244 2870 Magd„
1278 2830 1342 2863 SS.
1370 2831 1468 2873 XIV,
1502 2843 1536 2876 p.
1563 2831 1647 2864 406.
1682 2831 1782 2864 Wal-

289 2881 460 2914 rabonum
498 2883 642 2923 dicunt,
678 2882 715 2912 in
752 2878 1007 2922 diplomatibus
1038 2889 1123 2911 vero
1157 2879 1391 2913 Gualeramus
1425 2880 1485 2913 vel
1515 2879 1782 2914 Gwaleramnus

289 2931 422 2973 legitur
449 2930 627 2974 (Lepsius‚
654 2930 709 2963 ‘G.
731 2930 764 2962 d.
783 2928 906 2962 Bisch.
928 2938 962 2960 v.
979 2926 1199 2971 Naumburg‚
1225 2941 1260 2972 p.
1283 2930 1363 2963 235.
1385 2927 1493 2972 236);
1519 2931 1571 2962 ita
1601 2932 1642 2961 ut
1669 2928 1786 2962 forma

290 2979 492 3012 walramus
518 2978 755 3022 praeferenda
781 2989 860 3011 esse
885 2975 1060 3009 videatur.
1112 2977 1154 3011 G.
1174 2978 1229 3011 W.
1541 3003 1544 3006 ⁴
