<?xml version="1.0" encoding="UTF-8"?>
<!DOCTYPE html PUBLIC "-//W3C//DTD XHTML 1.0 Transitional//EN"
    "http://www.w3.org/TR/xhtml1/DTD/xhtml1-transitional.dtd">
<html xmlns="http://www.w3.org/1999/xhtml" xml:lang="en" lang="en">
 <head>
  <title>
</title>
<meta http-equiv="Content-Type" content="text/html;charset=utf-8" />
  <meta name='ocr-system' content='tesseract 3.04.00' />
  <meta name='ocr-capabilities' content='ocr_page ocr_carea ocr_par ocr_line ocrx_word'/>
</head>
<body>
  <div class='ocr_page' id='page_1' title='image "./waltramiutvidetu00walruoft_0130.png"; bbox 0 0 1878 3308; ppageno 0'>
   <div class='ocr_carea' id='block_1_1' title="bbox 313 275 1565 312">
    <p class='ocr_par' dir='ltr' id='par_1_1' title="bbox 313 275 1565 312">
     <span class='ocr_line' id='line_1_1' title="bbox 313 275 1565 312; baseline 0.005 -6"><span class='ocrx_word' id='word_1_1' title='bbox 313 275 382 307; x_wconf 84' lang='lat'><strong>104</strong></span> <span class='ocrx_word' id='word_1_2' title='bbox 562 276 630 310; x_wconf 86' lang='lat' dir='ltr'><strong>DE</strong></span> <span class='ocrx_word' id='word_1_3' title='bbox 655 275 867 310; x_wconf 81' lang='lat' dir='ltr'>UNITATE</span> <span class='ocrx_word' id='word_1_4' title='bbox 893 275 1167 310; x_wconf 86' lang='lat' dir='ltr'><strong>ECCLESIAE</strong></span> <span class='ocrx_word' id='word_1_5' title='bbox 1196 276 1565 312; x_wconf 79' lang='lat' dir='ltr'>CONSERVANDA.</span> 
     </span>
    </p>
   </div>
   <div class='ocr_carea' id='block_1_2' title="bbox 118 387 1845 1343">
    <p class='ocr_par' dir='ltr' id='par_1_2' title="bbox 312 387 1809 500">
     <span class='ocr_line' id='line_1_2' title="bbox 312 387 1809 447; baseline 0.003 -18"><span class='ocrx_word' id='word_1_6' title='bbox 312 401 503 443; x_wconf 86' lang='lat' dir='ltr'><strong>unquam</strong></span> <span class='ocrx_word' id='word_1_7' title='bbox 523 393 674 444; x_wconf 88' lang='lat' dir='ltr'><strong>sponte</strong></span> <span class='ocrx_word' id='word_1_8' title='bbox 704 402 783 430; x_wconf 92' lang='lat' dir='ltr'><strong>sua</strong></span> <span class='ocrx_word' id='word_1_9' title='bbox 802 402 946 444; x_wconf 88' lang='lat' dir='ltr'><strong>regem</strong></span> <span class='ocrx_word' id='word_1_10' title='bbox 975 387 1242 431; x_wconf 90' lang='lat' dir='ltr'><strong>Henrichum</strong></span> <span class='ocrx_word' id='word_1_11' title='bbox 1261 389 1410 432; x_wconf 86' lang='lat' dir='ltr'><strong>videre</strong></span> <span class='ocrx_word' id='word_1_12' title='bbox 1439 389 1508 433; x_wconf 87' lang='lat' dir='ltr'><strong>vel</strong></span> <span class='ocrx_word' id='word_1_13' title='bbox 1536 388 1709 447; x_wconf 83' lang='lat' dir='ltr'><strong>alloqui.</strong></span> <span class='ocrx_word' id='word_1_14' title='bbox 1749 391 1809 433; x_wconf 92' lang='lat' dir='ltr'><strong>At</strong></span> 
     </span>
     <span class='ocr_line' id='line_1_3' title="bbox 312 442 1809 500; baseline 0.003 -16"><span class='ocrx_word' id='word_1_15' title='bbox 312 443 557 499; x_wconf 83' lang='lat' dir='ltr'><strong>imperator,</strong></span> <span class='ocrx_word' id='word_1_16' title='bbox 582 442 732 486; x_wconf 90' lang='lat' dir='ltr'><strong>leviter</strong></span> <span class='ocrx_word' id='word_1_17' title='bbox 761 443 900 486; x_wconf 84' lang='lat' dir='ltr'><strong>ferens</strong></span> <span class='ocrx_word' id='word_1_18' title='bbox 932 450 1224 500; x_wconf 88' lang='lat' dir='ltr'><strong>contemptum</strong></span> <span class='ocrx_word' id='word_1_19' title='bbox 1256 460 1393 499; x_wconf 87' lang='lat' dir='ltr'><strong>suum,</strong></span> <span class='ocrx_word' id='word_1_20' title='bbox 1424 461 1521 488; x_wconf 89' lang='lat' dir='ltr'><strong>cum</strong></span> <span class='ocrx_word' id='word_1_21' title='bbox 1541 445 1718 490; x_wconf 87' lang='lat' dir='ltr'><strong>haberet</strong></span> <span class='ocrx_word' id='word_1_22' title='bbox 1746 454 1809 489; x_wconf 91' lang='lat' dir='ltr'><strong>ut-</strong></span> 
     </span>
    </p>

    <p class='ocr_par' dir='ltr' id='par_1_3' title="bbox 311 499 1811 1120">
     <span class='ocr_line' id='line_1_4' title="bbox 345 499 1808 558; baseline 0.004 -18"><span class='ocrx_word' id='word_1_23' title='bbox 345 505 413 542; x_wconf 90' lang='lat' dir='ltr'><strong>ote</strong></span> <span class='ocrx_word' id='word_1_24' title='bbox 442 499 638 542; x_wconf 86' lang='lat' dir='ltr'><strong>minister</strong></span> <span class='ocrx_word' id='word_1_25' title='bbox 665 499 751 542; x_wconf 93' lang='lat' dir='ltr'><strong>Dei</strong></span> <span class='ocrx_word' id='word_1_26' title='bbox 779 499 994 542; x_wconf 88' lang='lat' dir='ltr'><strong>vindicem</strong></span> <span class='ocrx_word' id='word_1_27' title='bbox 1024 501 1068 542; x_wconf 94' lang='lat' dir='ltr'><strong>in</strong></span> <span class='ocrx_word' id='word_1_28' title='bbox 1098 501 1254 558; x_wconf 90' lang='lat' dir='ltr'><strong>impios</strong></span> <span class='ocrx_word' id='word_1_29' title='bbox 1290 501 1495 558; x_wconf 84' lang='lat' dir='ltr'>gladium,</span> <span class='ocrx_word' id='word_1_30' title='bbox 1533 502 1670 546; x_wconf 89' lang='lat' dir='ltr'><strong>noluit</strong></span> <span class='ocrx_word' id='word_1_31' title='bbox 1699 504 1808 546; x_wconf 89' lang='lat' dir='ltr'><strong>occi-</strong></span> 
     </span>
     <span class='ocr_line' id='line_1_5' title="bbox 311 513 1809 614; baseline 0.003 -17"><span class='ocrx_word' id='word_1_32' title='bbox 311 513 414 597; x_wconf 58' lang='lat' dir='ltr'><strong>dere</strong></span> <span class='ocrx_word' id='word_1_33' title='bbox 445 570 706 613; x_wconf 83' lang='lat' dir='ltr'><strong>quemquam</strong></span> <span class='ocrx_word' id='word_1_34' title='bbox 735 558 986 610; x_wconf 83' lang='lat' dir='ltr'><strong>noxiorum3</strong></span> <span class='ocrx_word' id='word_1_35' title='bbox 1026 556 1103 599; x_wconf 88' lang='lat' dir='ltr'><strong>sed</strong></span> <span class='ocrx_word' id='word_1_36' title='bbox 1133 571 1231 599; x_wconf 91' lang='lat' dir='ltr'><strong>cum</strong></span> <span class='ocrx_word' id='word_1_37' title='bbox 1261 573 1313 600; x_wconf 87' lang='lat' dir='ltr'><strong>ca</strong></span> <span class='ocrx_word' id='word_1_38' title='bbox 1347 557 1473 601; x_wconf 86' lang='lat' dir='ltr'><strong>ienda</strong></span> <span class='ocrx_word' id='word_1_39' title='bbox 1501 565 1614 602; x_wconf 87' lang='lat' dir='ltr'><strong>esset</strong></span> <span class='ocrx_word' id='word_1_40' title='bbox 1643 559 1809 614; x_wconf 82' lang='lat' dir='ltr'><strong>civitas,</strong></span> 
     </span>
     <span class='ocr_line' id='line_1_6' title="bbox 311 610 1809 670; baseline 0.003 -17"><span class='ocrx_word' id='word_1_41' title='bbox 311 618 425 654; x_wconf 72' lang='lat' dir='ltr'><strong>non⁸</strong></span> <span class='ocrx_word' id='word_1_42' title='bbox 454 610 591 654; x_wconf 90' lang='lat' dir='ltr'><strong>solum</strong></span> <span class='ocrx_word' id='word_1_43' title='bbox 622 611 784 655; x_wconf 82' lang='lat' dir='ltr'><strong>dimisit</strong></span> <span class='ocrx_word' id='word_1_44' title='bbox 812 613 1046 670; x_wconf 89' lang='lat' dir='ltr'><strong>impunitos</strong></span> <span class='ocrx_word' id='word_1_45' title='bbox 1075 612 1220 656; x_wconf 88' lang='lat' dir='ltr'><strong>hostes</strong></span> <span class='ocrx_word' id='word_1_46' title='bbox 1250 628 1325 656; x_wconf 88' lang='lat' dir='ltr'><strong>ecc</strong></span> <span class='ocrx_word' id='word_1_47' title='bbox 1342 615 1456 657; x_wconf 90' lang='lat' dir='ltr'><strong>esiae</strong></span> <span class='ocrx_word' id='word_1_48' title='bbox 1493 620 1536 657; x_wconf 85' lang='lat' dir='ltr'><strong>et</strong></span> <span class='ocrx_word' id='word_1_49' title='bbox 1570 615 1809 659; x_wconf 69' lang='lat' dir='ltr'><strong>desertores</strong></span> 
     </span>
     <span class='ocr_line' id='line_1_7' title="bbox 311 667 1807 730; baseline 0.003 -21"><span class='ocrx_word' id='word_1_50' title='bbox 311 667 489 710; x_wconf 87' lang='lat' dir='ltr'><strong>militiae</strong></span> <span class='ocrx_word' id='word_1_51' title='bbox 528 681 645 721; x_wconf 87' lang='lat' dir='ltr'><strong>suae,</strong></span> <span class='ocrx_word' id='word_1_52' title='bbox 683 683 834 711; x_wconf 90' lang='lat' dir='ltr'><strong>verum</strong></span> <span class='ocrx_word' id='word_1_53' title='bbox 879 670 1006 710; x_wconf 85' lang='lat' dir='ltr'><strong>etiam</strong></span> <span class='ocrx_word' id='word_1_54' title='bbox 1050 669 1193 725; x_wconf 89' lang='lat' dir='ltr'><strong>ipsum</strong></span> <span class='ocrx_word' id='word_1_55' title='bbox 1235 669 1566 726; x_wconf 87' lang='lat' dir='ltr'><strong>Adalberonem,</strong></span> <span class='ocrx_word' id='word_1_56' title='bbox 1610 677 1653 714; x_wconf 84' lang='lat' dir='ltr'><strong>et</strong></span> <span class='ocrx_word' id='word_1_57' title='bbox 1691 672 1807 730; x_wconf 91' lang='lat' dir='ltr'><strong>quod</strong></span> 
     </span>
     <span class='ocr_line' id='line_1_8' title="bbox 313 723 1808 782; baseline 0.003 -16"><span class='ocrx_word' id='word_1_58' title='bbox 313 738 413 766; x_wconf 90' lang='lat' dir='ltr'><strong>cum</strong></span> <span class='ocrx_word' id='word_1_59' title='bbox 454 738 505 766; x_wconf 91' lang='lat' dir='ltr'><strong>eo</strong></span> <span class='ocrx_word' id='word_1_60' title='bbox 545 731 635 767; x_wconf 86' lang='lat' dir='ltr'><strong>erat</strong></span> <span class='ocrx_word' id='word_1_61' title='bbox 671 725 935 782; x_wconf 79' lang='lat' dir='ltr'><strong>praesidium</strong></span> <span class='ocrx_word' id='word_1_62' title='bbox 965 723 1167 780; x_wconf 85' lang='lat' dir='ltr'><strong>hostium,</strong></span> <span class='ocrx_word' id='word_1_63' title='bbox 1197 726 1353 770; x_wconf 86' lang='lat' dir='ltr'><strong>milites</strong></span> <span class='ocrx_word' id='word_1_64' title='bbox 1383 726 1548 770; x_wconf 85' lang='lat' dir='ltr'><strong>scilicet</strong></span> <span class='ocrx_word' id='word_1_65' title='bbox 1576 728 1639 770; x_wconf 89' lang='lat' dir='ltr'><strong>rei</strong></span> <span class='ocrx_word' id='word_1_66' title='bbox 1700 728 1808 771; x_wconf 90' lang='lat' dir='ltr'><strong>ubli-</strong></span> 
     </span>
     <span class='ocr_line' id='line_1_9' title="bbox 313 781 1808 839; baseline 0.003 -17"><span class='ocrx_word' id='word_1_67' title='bbox 313 794 401 834; x_wconf 88' lang='lat' dir='ltr'><strong>cae,</strong></span> <span class='ocrx_word' id='word_1_68' title='bbox 432 781 640 837; x_wconf 85' lang='lat' dir='ltr'><strong>permisit,</strong></span> <span class='ocrx_word' id='word_1_69' title='bbox 672 781 902 824; x_wconf 82' lang='lat' dir='ltr'><strong>comitante</strong></span> <span class='ocrx_word' id='word_1_70' title='bbox 933 796 1010 823; x_wconf 85' lang='lat' dir='ltr'><strong>suo</strong></span> <span class='ocrx_word' id='word_1_71' title='bbox 1041 796 1210 839; x_wconf 92' lang='lat' dir='ltr'><strong>quoque</strong></span> <span class='ocrx_word' id='word_1_72' title='bbox 1241 782 1413 837; x_wconf 85' lang='lat' dir='ltr'><strong>ducatu,</strong></span> <span class='ocrx_word' id='word_1_73' title='bbox 1445 797 1620 826; x_wconf 87' lang='lat' dir='ltr'><strong>securos</strong></span> <span class='ocrx_word' id='word_1_74' title='bbox 1648 799 1674 826; x_wconf 87' lang='lat' dir='ltr'><strong>a</strong></span> <span class='ocrx_word' id='word_1_75' title='bbox 1705 785 1808 828; x_wconf 82' lang='lat' dir='ltr'><strong>ire1.</strong></span> 
     </span>
     <span class='ocr_line' id='line_1_10' title="bbox 311 835 1809 896; baseline 0.004 -18"><span class='ocrx_word' id='word_1_76' title='bbox 311 835 443 879; x_wconf 92' lang='lat' dir='ltr'><strong>Modo</strong></span> <span class='ocrx_word' id='word_1_77' title='bbox 479 835 608 878; x_wconf 85' lang='lat' dir='ltr'><strong>fuerit</strong></span> <span class='ocrx_word' id='word_1_78' title='bbox 644 837 879 893; x_wconf 84' lang='lat' dir='ltr'><strong>imperator</strong></span> <span class='ocrx_word' id='word_1_79' title='bbox 915 851 1074 892; x_wconf 87' lang='lat' dir='ltr'><strong>errans,</strong></span> <span class='ocrx_word' id='word_1_80' title='bbox 1113 837 1248 894; x_wconf 84' lang='lat' dir='ltr'><strong>qualis</strong></span> <span class='ocrx_word' id='word_1_81' title='bbox 1288 854 1375 882; x_wconf 92' lang='lat' dir='ltr'><strong>non</strong></span> <span class='ocrx_word' id='word_1_82' title='bbox 1410 846 1554 896; x_wconf 87' lang='lat' dir='ltr'><strong>potest</strong></span> <span class='ocrx_word' id='word_1_83' title='bbox 1587 855 1680 883; x_wconf 87' lang='lat' dir='ltr'><strong>esse</strong></span> <span class='ocrx_word' id='word_1_84' title='bbox 1717 842 1809 885; x_wconf 84' lang='lat' dir='ltr'><strong>sine</strong></span> 
     </span>
     <span class='ocr_line' id='line_1_11' title="bbox 311 891 1810 949; baseline 0.004 -15"><span class='ocrx_word' id='word_1_85' title='bbox 311 906 452 949; x_wconf 91' lang='lat' dir='ltr'><strong>poena</strong></span> <span class='ocrx_word' id='word_1_86' title='bbox 488 891 803 935; x_wconf 84' lang='lat' dir='ltr'><strong>ecclesiasticae</strong></span> <span class='ocrx_word' id='word_1_87' title='bbox 844 895 1319 949; x_wconf 85' lang='lat' dir='ltr'><strong>excommunicationis,</strong></span> <span class='ocrx_word' id='word_1_88' title='bbox 1358 910 1455 938; x_wconf 91' lang='lat' dir='ltr'><strong>cum</strong></span> <span class='ocrx_word' id='word_1_89' title='bbox 1492 896 1616 938; x_wconf 84' lang='lat' dir='ltr'><strong>iuxta</strong></span> <span class='ocrx_word' id='word_1_90' title='bbox 1645 903 1810 941; x_wconf 88' lang='lat' dir='ltr'><strong>senten-</strong></span> 
     </span>
     <span class='ocr_line' id='line_1_12' title="bbox 311 948 1810 1006; baseline 0.004 -16"><span class='ocrx_word' id='word_1_91' title='bbox 311 948 416 991; x_wconf 86' lang='lat' dir='ltr'><strong>tiam</strong></span> <span class='ocrx_word' id='word_1_92' title='bbox 446 949 583 990; x_wconf 87' lang='lat' dir='ltr'><strong>sancti</strong></span> <span class='ocrx_word' id='word_1_93' title='bbox 611 963 751 1006; x_wconf 88' lang='lat' dir='ltr'><strong>papae</strong></span> <span class='ocrx_word' id='word_1_94' title='bbox 773 948 962 992; x_wconf 81' lang='lat' dir='ltr'><strong>Gelasii²</strong></span> <span class='ocrx_word' id='word_1_95' title='bbox 992 949 1221 993; x_wconf 86' lang='lat' dir='ltr'><strong>moliantur</strong></span> <span class='ocrx_word' id='word_1_96' title='bbox 1250 951 1379 994; x_wconf 91' lang='lat' dir='ltr'><strong>fidem</strong></span> <span class='ocrx_word' id='word_1_97' title='bbox 1410 951 1661 995; x_wconf 83' lang='lat' dir='ltr'><strong>catholicam</strong></span> <span class='ocrx_word' id='word_1_98' title='bbox 1691 968 1810 997; x_wconf 86' lang='lat' dir='ltr'><strong>ever-</strong></span> 
     </span>
     <span class='ocr_line' id='line_1_13' title="bbox 312 1005 1811 1065; baseline 0.005 -19"><span class='ocrx_word' id='word_1_99' title='bbox 312 1010 401 1047; x_wconf 88' lang='lat' dir='ltr'><strong>tere</strong></span> <span class='ocrx_word' id='word_1_100' title='bbox 440 1019 519 1061; x_wconf 89' lang='lat' dir='ltr'><strong>per</strong></span> <span class='ocrx_word' id='word_1_101' title='bbox 548 1006 819 1048; x_wconf 86' lang='lat' dir='ltr'><strong>occasionem</strong></span> <span class='ocrx_word' id='word_1_102' title='bbox 848 1006 994 1061; x_wconf 87' lang='lat' dir='ltr'><strong>regiae</strong></span> <span class='ocrx_word' id='word_1_103' title='bbox 1023 1005 1091 1048; x_wconf 88' lang='lat' dir='ltr'><strong>alli</strong></span> <span class='ocrx_word' id='word_1_104' title='bbox 1125 1007 1294 1061; x_wconf 82' lang='lat' dir='ltr'><strong>ationis,</strong></span> <span class='ocrx_word' id='word_1_105' title='bbox 1325 1008 1400 1065; x_wconf 91' lang='lat' dir='ltr'><strong>qui</strong></span> <span class='ocrx_word' id='word_1_106' title='bbox 1431 1007 1604 1052; x_wconf 85' lang='lat' dir='ltr'><strong>student</strong></span> <span class='ocrx_word' id='word_1_107' title='bbox 1634 1008 1811 1053; x_wconf 86' lang='lat' dir='ltr'><strong>obviare</strong></span> 
     </span>
     <span class='ocr_line' id='line_1_14' title="bbox 313 1061 1811 1120; baseline 0.005 -18"><span class='ocrx_word' id='word_1_108' title='bbox 313 1061 668 1117; x_wconf 85' lang='lat' dir='ltr'><strong>dispositionibus</strong></span> <span class='ocrx_word' id='word_1_109' title='bbox 697 1061 896 1118; x_wconf 89' lang='lat' dir='ltr'><strong>publicis.</strong></span> <span class='ocrx_word' id='word_1_110' title='bbox 943 1062 1053 1104; x_wconf 89' lang='lat' dir='ltr'><strong>Sed:</strong></span> <span class='ocrx_word' id='word_1_111' title='bbox 1123 1064 1265 1106; x_wconf 88' lang='lat' dir='ltr'><strong>aritas</strong></span> <span class='ocrx_word' id='word_1_112' title='bbox 1286 1067 1477 1120; x_wconf 78' lang='lat' dir='ltr'><strong>cooperit</strong></span> <span class='ocrx_word' id='word_1_113' title='bbox 1493 1065 1811 1110; x_wconf 75' lang='lat' dir='ltr'><strong>multitudinem</strong></span> 
     </span>
    </p>

    <p class='ocr_par' dir='ltr' id='par_1_4' title="bbox 118 1117 1845 1187">
     <span class='ocr_line' id='line_1_15' title="bbox 118 1117 1845 1187; baseline 0.005 -31"><span class='ocrx_word' id='word_1_114' title='bbox 118 1124 601 1173; x_wconf 76' lang='lat' dir='ltr'><strong>1.Petr.4‚8·peccatorum,</strong></span> <span class='ocrx_word' id='word_1_115' title='bbox 632 1118 744 1183; x_wconf 75' lang='lat' dir='ltr'><strong>sicut</strong></span> <span class='ocrx_word' id='word_1_116' title='bbox 771 1117 877 1160; x_wconf 88' lang='lat' dir='ltr'><strong>dicit</strong></span> <span class='ocrx_word' id='word_1_117' title='bbox 905 1117 1120 1183; x_wconf 77' lang='lat' dir='ltr'><strong>Dominus</strong></span> <span class='ocrx_word' id='word_1_118' title='bbox 1149 1134 1228 1176; x_wconf 89' lang='lat' dir='ltr'><strong>per</strong></span> <span class='ocrx_word' id='word_1_119' title='bbox 1256 1120 1500 1187; x_wconf 77' lang='lat' dir='ltr'><strong>apostolum</strong></span> <span class='ocrx_word' id='word_1_120' title='bbox 1529 1135 1669 1187; x_wconf 76' lang='lat' dir='ltr'><strong>suum,</strong></span> <span class='ocrx_word' id='word_1_121' title='bbox 1708 1123 1812 1164; x_wconf 83' lang='lat' dir='ltr'><strong>cari-</strong></span> <span class='ocrx_word' id='word_1_122' title='bbox 1843 1183 1845 1185; x_wconf 17' lang='grc' dir='ltr'><strong><em>ι</em></strong></span> 
     </span>
    </p>

    <p class='ocr_par' dir='ltr' id='par_1_5' title="bbox 312 1173 1811 1343">
     <span class='ocr_line' id='line_1_16' title="bbox 312 1173 1811 1233; baseline 0.005 -18"><span class='ocrx_word' id='word_1_123' title='bbox 312 1179 444 1216; x_wconf 87' lang='lat' dir='ltr'><strong>tatem</strong></span> <span class='ocrx_word' id='word_1_124' title='bbox 465 1179 609 1216; x_wconf 89' lang='lat' dir='ltr'><strong>autem</strong></span> <span class='ocrx_word' id='word_1_125' title='bbox 629 1181 863 1231; x_wconf 81' lang='lat' dir='ltr'><strong>imperator</strong></span> <span class='ocrx_word' id='word_1_126' title='bbox 881 1173 1080 1217; x_wconf 81' lang='lat' dir='ltr'><strong>host1bus</strong></span> <span class='ocrx_word' id='word_1_127' title='bbox 1101 1190 1272 1233; x_wconf 93' lang='lat' dir='ltr'><strong>quoque</strong></span> <span class='ocrx_word' id='word_1_128' title='bbox 1293 1192 1381 1220; x_wconf 84' lang='lat' dir='ltr'><strong>suls</strong></span> <span class='ocrx_word' id='word_1_129' title='bbox 1403 1176 1612 1232; x_wconf 82' lang='lat' dir='ltr'><strong>exh1bu1t,</strong></span> <span class='ocrx_word' id='word_1_130' title='bbox 1667 1178 1811 1222; x_wconf 86' lang='lat' dir='ltr'><strong>uando</strong></span> 
     </span>
     <span class='ocr_line' id='line_1_17' title="bbox 313 1230 1811 1292; baseline 0.005 -22"><span class='ocrx_word' id='word_1_131' title='bbox 313 1230 358 1270; x_wconf 90' lang='lat' dir='ltr'><strong>in</strong></span> <span class='ocrx_word' id='word_1_132' title='bbox 378 1244 486 1286; x_wconf 87' lang='lat' dir='ltr'><strong>pace</strong></span> <span class='ocrx_word' id='word_1_133' title='bbox 507 1244 578 1272; x_wconf 93' lang='lat' dir='ltr'><strong>eos</strong></span> <span class='ocrx_word' id='word_1_134' title='bbox 599 1230 718 1274; x_wconf 89' lang='lat' dir='ltr'><strong>abire</strong></span> <span class='ocrx_word' id='word_1_135' title='bbox 737 1231 942 1287; x_wconf 90' lang='lat' dir='ltr'><strong>permisit.</strong></span> <span class='ocrx_word' id='word_1_136' title='bbox 989 1230 1113 1273; x_wconf 87' lang='lat' dir='ltr'><strong>Sicut</strong></span> <span class='ocrx_word' id='word_1_137' title='bbox 1133 1232 1246 1274; x_wconf 90' lang='lat' dir='ltr'><strong>enim</strong></span> <span class='ocrx_word' id='word_1_138' title='bbox 1267 1233 1417 1276; x_wconf 87' lang='lat' dir='ltr'><strong>scribit</strong></span> <span class='ocrx_word' id='word_1_139' title='bbox 1435 1239 1608 1276; x_wconf 87' lang='lat' dir='ltr'><strong>sanctus</strong></span> <span class='ocrx_word' id='word_1_140' title='bbox 1667 1236 1811 1292; x_wconf 84' lang='lat' dir='ltr'><strong>ypria-</strong></span> 
     </span>
     <span class='ocr_line' id='line_1_18' title="bbox 312 1285 1811 1343; baseline 0.005 -16"><span class='ocrx_word' id='word_1_141' title='bbox 312 1300 392 1327; x_wconf 88' lang='lat' dir='ltr'><strong>nus</strong></span> <span class='ocrx_word' id='word_1_142' title='bbox 414 1286 645 1343; x_wconf 88' lang='lat' dir='ltr'><strong>episcopus</strong></span> <span class='ocrx_word' id='word_1_143' title='bbox 664 1288 709 1330; x_wconf 89' lang='lat' dir='ltr'><strong>in</strong></span> <span class='ocrx_word' id='word_1_144' title='bbox 727 1286 837 1330; x_wconf 91' lang='lat' dir='ltr'><strong>libro</strong></span> <span class='ocrx_word' id='word_1_145' title='bbox 864 1285 919 1330; x_wconf 92' lang='lat' dir='ltr'><strong>de</strong></span> <span class='ocrx_word' id='word_1_146' title='bbox 938 1287 1144 1343; x_wconf 86' lang='lat' dir='ltr'><strong>patientia</strong></span> <span class='ocrx_word' id='word_1_147' title='bbox 1156 1294 1189 1329; x_wconf 78' lang='lat'><strong>⁸:</strong></span> <span class='ocrx_word' id='word_1_148' title='bbox 1221 1297 1360 1333; x_wconf 74' lang='lat' dir='ltr'><strong>Caritas</strong></span> <span class='ocrx_word' id='word_1_149' title='bbox 1367 1289 1613 1342; x_wconf 65' lang='lat' dir='ltr'><strong>fralai-nitatis</strong></span> <span class='ocrx_word' id='word_1_150' title='bbox 1630 1300 1811 1335; x_wconf 77' lang='lat' dir='ltr'><strong>vinculum</strong></span> 
     </span>
    </p>
   </div>
   <div class='ocr_carea' id='block_1_3' title="bbox 99 1346 1851 2645">
    <p class='ocr_par' dir='ltr' id='par_1_6' title="bbox 99 1346 1851 2645">
     <span class='ocr_line' id='line_1_19' title="bbox 314 1346 1811 1393; baseline 0.003 -14"><span class='ocrx_word' id='word_1_151' title='bbox 314 1351 375 1388; x_wconf 86' lang='lat' dir='ltr'><strong>est,</strong></span> <span class='ocrx_word' id='word_1_152' title='bbox 400 1346 680 1390; x_wconf 87' lang='lat' dir='ltr'><strong>fundamentum</strong></span> <span class='ocrx_word' id='word_1_153' title='bbox 707 1347 826 1391; x_wconf 77' lang='lat' dir='ltr'><strong>pacis,</strong></span> <span class='ocrx_word' id='word_1_154' title='bbox 852 1347 1023 1380; x_wconf 72' lang='lat' dir='ltr'><strong>tenacitas</strong></span> <span class='ocrx_word' id='word_1_155' title='bbox 1060 1359 1101 1381; x_wconf 91' lang='lat' dir='ltr'><strong>ac</strong></span> <span class='ocrx_word' id='word_1_156' title='bbox 1125 1347 1282 1391; x_wconf 89' lang='lat' dir='ltr'><strong>firmitas</strong></span> <span class='ocrx_word' id='word_1_157' title='bbox 1316 1349 1476 1391; x_wconf 83' lang='lat' dir='ltr'><strong>unitatis,</strong></span> <span class='ocrx_word' id='word_1_158' title='bbox 1509 1359 1601 1393; x_wconf 79' lang='lat' dir='ltr'><strong>quae</strong></span> <span class='ocrx_word' id='word_1_159' title='bbox 1634 1354 1667 1383; x_wconf 85' lang='lat' dir='ltr'><strong>et</strong></span> <span class='ocrx_word' id='word_1_160' title='bbox 1692 1361 1753 1393; x_wconf 88' lang='lat' dir='ltr'><strong>spe</strong></span> <span class='ocrx_word' id='word_1_161' title='bbox 1779 1356 1811 1384; x_wconf 85' lang='lat' dir='ltr'><strong>et</strong></span> 
     </span>
     <span class='ocr_line' id='line_1_20' title="bbox 304 1395 1812 1441; baseline 0.003 -13"><span class='ocrx_word' id='word_1_162' title='bbox 304 1395 380 1439; x_wconf 88' lang='lat' dir='ltr'><strong>fide</strong></span> <span class='ocrx_word' id='word_1_163' title='bbox 417 1396 532 1429; x_wconf 89' lang='lat' dir='ltr'><strong>maior</strong></span> <span class='ocrx_word' id='word_1_164' title='bbox 564 1401 624 1437; x_wconf 81' lang='lat' dir='ltr'><strong>est,</strong></span> <span class='ocrx_word' id='word_1_165' title='bbox 663 1407 754 1439; x_wconf 79' lang='lat' dir='ltr'><strong>quae</strong></span> <span class='ocrx_word' id='word_1_166' title='bbox 793 1401 826 1430; x_wconf 89' lang='lat' dir='ltr'><strong>et</strong></span> <span class='ocrx_word' id='word_1_167' title='bbox 856 1407 965 1438; x_wconf 89' lang='lat' dir='ltr'><strong>opera</strong></span> <span class='ocrx_word' id='word_1_168' title='bbox 997 1407 1039 1429; x_wconf 91' lang='lat' dir='ltr'><strong>ac</strong></span> <span class='ocrx_word' id='word_1_169' title='bbox 1070 1397 1246 1440; x_wconf 75' lang='lat' dir='ltr'><strong>martyria</strong></span> <span class='ocrx_word' id='word_1_170' title='bbox 1271 1397 1468 1440; x_wconf 86' lang='lat' dir='ltr'><strong>praecedit,</strong></span> <span class='ocrx_word' id='word_1_171' title='bbox 1507 1408 1598 1441; x_wconf 79' lang='lat' dir='ltr'><strong>quae</strong></span> <span class='ocrx_word' id='word_1_172' title='bbox 1630 1397 1812 1433; x_wconf 78' lang='lat' dir='ltr'><strong>nobiscum</strong></span> 
     </span>
     <span class='ocr_line' id='line_1_21' title="bbox 313 1442 1811 1500; baseline 0.002 -17"><span class='ocrx_word' id='word_1_173' title='bbox 313 1461 448 1494; x_wconf 80' lang='lat' dir='ltr'><strong>semper</strong></span> <span class='ocrx_word' id='word_1_174' title='bbox 480 1456 626 1484; x_wconf 87' lang='lat' dir='ltr'><strong>aeterna</strong></span> <span class='ocrx_word' id='word_1_175' title='bbox 663 1451 700 1484; x_wconf 86' lang='lat' dir='ltr'><strong>in</strong></span> <span class='ocrx_word' id='word_1_176' title='bbox 736 1449 939 1484; x_wconf 81' lang='lat' dir='ltr'><strong>caelestibus</strong></span> <span class='ocrx_word' id='word_1_177' title='bbox 972 1449 1091 1495; x_wconf 67' lang='lat' dir='ltr'><strong>regnis</strong></span> <span class='ocrx_word' id='word_1_178' title='bbox 1121 1452 1354 1494; x_wconf 86' lang='lat' dir='ltr'><strong>permanebit.</strong></span> <span class='ocrx_word' id='word_1_179' title='bbox 1407 1443 1465 1484; x_wconf 76' lang='lat' dir='ltr'><strong>Et</strong></span> <span class='ocrx_word' id='word_1_180' title='bbox 1507 1449 1606 1499; x_wconf 83' lang='lat' dir='ltr'><strong>post</strong></span> <span class='ocrx_word' id='word_1_181' title='bbox 1643 1442 1811 1500; x_wconf 82' lang='lat' dir='ltr'><strong>aliqua:</strong></span> 
     </span>
     <span class='ocr_line' id='line_1_22' title="bbox 312 1496 1811 1553; baseline 0.005 -16"><span class='ocrx_word' id='word_1_182' title='bbox 312 1504 369 1538; x_wconf 88' lang='lat' dir='ltr'><strong>De</strong></span> <span class='ocrx_word' id='word_1_183' title='bbox 393 1504 452 1537; x_wconf 90' lang='lat' dir='ltr'><strong>ira</strong></span> <span class='ocrx_word' id='word_1_184' title='bbox 477 1506 564 1548; x_wconf 85' lang='lat' dir='ltr'><strong>quid</strong></span> <span class='ocrx_word' id='word_1_185' title='bbox 589 1505 717 1548; x_wconf 85' lang='lat' dir='ltr'><strong>dicam,</strong></span> <span class='ocrx_word' id='word_1_186' title='bbox 744 1496 895 1552; x_wconf 79' lang='lat' dir='ltr'><strong>inquit,</strong></span> <span class='ocrx_word' id='word_1_187' title='bbox 926 1506 1018 1539; x_wconf 89' lang='lat' dir='ltr'><strong>etde</strong></span> <span class='ocrx_word' id='word_1_188' title='bbox 1036 1505 1218 1540; x_wconf 80' lang='lat' dir='ltr'><strong>discordia</strong></span> <span class='ocrx_word' id='word_1_189' title='bbox 1244 1511 1276 1540; x_wconf 90' lang='lat' dir='ltr'><strong>et</strong></span> <span class='ocrx_word' id='word_1_190' title='bbox 1296 1507 1340 1540; x_wconf 90' lang='lat' dir='ltr'><strong>de</strong></span> <span class='ocrx_word' id='word_1_191' title='bbox 1365 1504 1629 1551; x_wconf 71' lang='lat' dir='ltr'><strong>simulationeb‚</strong></span> <span class='ocrx_word' id='word_1_192' title='bbox 1656 1521 1748 1553; x_wconf 86' lang='lat' dir='ltr'><strong>quae</strong></span> <span class='ocrx_word' id='word_1_193' title='bbox 1772 1511 1811 1544; x_wconf 88' lang='lat' dir='ltr'><strong>in</strong></span> 
     </span>
     <span class='ocr_line' id='line_1_23' title="bbox 313 1553 1814 1600; baseline 0.005 -14"><span class='ocrx_word' id='word_1_194' title='bbox 313 1553 505 1587; x_wconf 74' lang='lat' dir='ltr'><strong>christiano</strong></span> <span class='ocrx_word' id='word_1_195' title='bbox 538 1565 610 1588; x_wconf 86' lang='lat' dir='ltr'><strong>esse</strong></span> <span class='ocrx_word' id='word_1_196' title='bbox 641 1566 713 1588; x_wconf 89' lang='lat' dir='ltr'><strong>non</strong></span> <span class='ocrx_word' id='word_1_197' title='bbox 738 1555 889 1590; x_wconf 75' lang='lat' dir='ltr'><strong>debent?</strong></span> <span class='ocrx_word' id='word_1_198' title='bbox 929 1554 1165 1598; x_wconf 75' lang='lat' dir='ltr'><strong>Inexpiabilis</strong></span> <span class='ocrx_word' id='word_1_199' title='bbox 1191 1561 1223 1589; x_wconf 90' lang='lat' dir='ltr'><strong>et</strong></span> <span class='ocrx_word' id='word_1_200' title='bbox 1246 1555 1369 1600; x_wconf 75' lang='lat' dir='ltr'><strong>¹qrauis</strong></span> <span class='ocrx_word' id='word_1_201' title='bbox 1394 1557 1502 1600; x_wconf 61' lang='lat' dir='ltr'><strong>cuspa</strong></span> <span class='ocrx_word' id='word_1_202' title='bbox 1526 1558 1726 1593; x_wconf 79' lang='lat' dir='ltr'><strong>discordiae</strong></span> <span class='ocrx_word' id='word_1_203' title='bbox 1748 1571 1814 1594; x_wconf 87' lang='lat' dir='ltr'><strong>nec</strong></span> 
     </span>
     <span class='ocr_line' id='line_1_24' title="bbox 306 1602 1812 1648; baseline 0.004 -12"><span class='ocrx_word' id='word_1_204' title='bbox 306 1602 476 1645; x_wconf 84' lang='lat' dir='ltr'><strong>passione</strong></span> <span class='ocrx_word' id='word_1_205' title='bbox 499 1609 689 1647; x_wconf 76' lang='lat' dir='ltr'><strong>purqatur,</strong></span> <span class='ocrx_word' id='word_1_206' title='bbox 717 1610 749 1638; x_wconf 90' lang='lat' dir='ltr'><strong>et</strong></span> <span class='ocrx_word' id='word_1_207' title='bbox 774 1605 806 1638; x_wconf 87' lang='lat' dir='ltr'><strong>si</strong></span> <span class='ocrx_word' id='word_1_208' title='bbox 830 1604 1010 1638; x_wconf 70' lang='lat' dir='ltr'><strong>discordes</strong></span> <span class='ocrx_word' id='word_1_209' title='bbox 1037 1603 1143 1637; x_wconf 85' lang='lat' dir='ltr'><strong>etiam</strong></span> <span class='ocrx_word' id='word_1_210' title='bbox 1167 1604 1273 1638; x_wconf 79' lang='lat' dir='ltr'><strong>occisi</strong></span> <span class='ocrx_word' id='word_1_211' title='bbox 1285 1605 1442 1648; x_wconf 86' lang='lat' dir='ltr'><strong>suerint,</strong></span> <span class='ocrx_word' id='word_1_212' title='bbox 1476 1607 1620 1640; x_wconf 83' lang='lat' dir='ltr'><strong>macula</strong></span> <span class='ocrx_word' id='word_1_213' title='bbox 1649 1606 1720 1641; x_wconf 79' lang='lat' dir='ltr'><strong>ista</strong></span> <span class='ocrx_word' id='word_1_214' title='bbox 1748 1619 1812 1642; x_wconf 81' lang='lat' dir='ltr'><strong>nec</strong></span> 
     </span>
     <span class='ocr_line' id='line_1_25' title="bbox 313 1648 1811 1704; baseline 0.004 -14"><span class='ocrx_word' id='word_1_215' title='bbox 313 1657 486 1701; x_wconf 74' lang='lat' dir='ltr'><strong>sanquine</strong></span> <span class='ocrx_word' id='word_1_216' title='bbox 508 1657 676 1692; x_wconf 72' lang='lat' dir='ltr'><strong>abluitur.</strong></span> <span class='ocrx_word' id='word_1_217' title='bbox 719 1658 794 1691; x_wconf 85' lang='lat' dir='ltr'><strong>Nos</strong></span> <span class='ocrx_word' id='word_1_218' title='bbox 821 1670 915 1701; x_wconf 85' lang='lat' dir='ltr'><strong>vero,</strong></span> <span class='ocrx_word' id='word_1_219' title='bbox 938 1648 1116 1704; x_wconf 77' lang='lat' dir='ltr'><strong>inquit⁴‚</strong></span> <span class='ocrx_word' id='word_1_220' title='bbox 1144 1659 1339 1693; x_wconf 80' lang='lat' dir='ltr'><strong>meminisse</strong></span> <span class='ocrx_word' id='word_1_221' title='bbox 1355 1660 1532 1702; x_wconf 80' lang='lat' dir='ltr'><strong>debemus,</strong></span> <span class='ocrx_word' id='word_1_222' title='bbox 1557 1671 1625 1704; x_wconf 81' lang='lat' dir='ltr'><strong>quo</strong></span> <span class='ocrx_word' id='word_1_223' title='bbox 1641 1661 1811 1696; x_wconf 82' lang='lat' dir='ltr'><strong>vocabulo</strong></span> 
     </span>
     <span class='ocr_line' id='line_1_26' title="bbox 306 1705 1811 1753; baseline 0.005 -15"><span class='ocrx_word' id='word_1_224' title='bbox 306 1706 445 1749; x_wconf 78' lang='lat' dir='ltr'><strong>plebem</strong></span> <span class='ocrx_word' id='word_1_225' title='bbox 470 1717 573 1739; x_wconf 84' lang='lat' dir='ltr'><strong>suam</strong></span> <span class='ocrx_word' id='word_1_226' title='bbox 600 1705 757 1740; x_wconf 78' lang='lat' dir='ltr'><strong>Christus</strong></span> <span class='ocrx_word' id='word_1_227' title='bbox 785 1708 948 1750; x_wconf 77' lang='lat' dir='ltr'><strong>appellet,</strong></span> <span class='ocrx_word' id='word_1_228' title='bbox 975 1719 1042 1750; x_wconf 82' lang='lat' dir='ltr'><strong>quo</strong></span> <span class='ocrx_word' id='word_1_229' title='bbox 1069 1707 1167 1740; x_wconf 86' lang='lat' dir='ltr'><strong>titulo</strong></span> <span class='ocrx_word' id='word_1_230' title='bbox 1190 1719 1331 1752; x_wconf 74' lang='lat' dir='ltr'><strong>yreqem</strong></span> <span class='ocrx_word' id='word_1_231' title='bbox 1356 1719 1459 1742; x_wconf 82' lang='lat' dir='ltr'><strong>suum</strong></span> <span class='ocrx_word' id='word_1_232' title='bbox 1483 1714 1672 1753; x_wconf 83' lang='lat' dir='ltr'><strong>nuncupet.</strong></span> <span class='ocrx_word' id='word_1_233' title='bbox 1721 1710 1811 1745; x_wconf 81' lang='lat' dir='ltr'><strong>Oves</strong></span> 
     </span>
     <span class='ocr_line' id='line_1_27' title="bbox 312 1755 1851 1804; baseline 0.005 -17"><span class='ocrx_word' id='word_1_234' title='bbox 312 1755 482 1796; x_wconf 86' lang='lat' dir='ltr'><strong>nominat,</strong></span> <span class='ocrx_word' id='word_1_235' title='bbox 510 1759 549 1787; x_wconf 87' lang='lat' dir='ltr'><strong>ut</strong></span> <span class='ocrx_word' id='word_1_236' title='bbox 573 1755 775 1789; x_wconf 86' lang='lat' dir='ltr'><strong>innocentia</strong></span> <span class='ocrx_word' id='word_1_237' title='bbox 801 1755 998 1789; x_wconf 78' lang='lat' dir='ltr'><strong>christiana</strong></span> <span class='ocrx_word' id='word_1_238' title='bbox 1015 1756 1137 1790; x_wconf 85' lang='lat' dir='ltr'><strong>ovibus</strong></span> <span class='ocrx_word' id='word_1_239' title='bbox 1156 1761 1335 1800; x_wconf 79' lang='lat' dir='ltr'><strong>aequetur,</strong></span> <span class='ocrx_word' id='word_1_240' title='bbox 1363 1769 1474 1801; x_wconf 72' lang='lat' dir='ltr'><strong>cynos</strong></span> <span class='ocrx_word' id='word_1_241' title='bbox 1498 1762 1611 1800; x_wconf 84' lang='lat' dir='ltr'><strong>vocat,</strong></span> <span class='ocrx_word' id='word_1_242' title='bbox 1639 1764 1678 1792; x_wconf 86' lang='lat' dir='ltr'><strong>ut</strong></span> <span class='ocrx_word' id='word_1_243' title='bbox 1703 1771 1812 1804; x_wconf 70' lang='lat' dir='ltr'><strong>aqno-</strong></span> <span class='ocrx_word' id='word_1_244' title='bbox 1848 1797 1851 1799; x_wconf 64' lang='grc'><em>,</em></span> 
     </span>
     <span class='ocr_line' id='line_1_28' title="bbox 312 1803 1812 1848; baseline 0.004 -12"><span class='ocrx_word' id='word_1_245' title='bbox 312 1814 393 1837; x_wconf 88' lang='lat' dir='ltr'><strong>rum</strong></span> <span class='ocrx_word' id='word_1_246' title='bbox 425 1807 594 1837; x_wconf 86' lang='lat' dir='ltr'><strong>naturam</strong></span> <span class='ocrx_word' id='word_1_247' title='bbox 627 1804 818 1848; x_wconf 80' lang='lat' dir='ltr'><strong>simplicem</strong></span> <span class='ocrx_word' id='word_1_248' title='bbox 848 1804 1055 1848; x_wconf 80' lang='lat' dir='ltr'><strong>simplicitas</strong></span> <span class='ocrx_word' id='word_1_249' title='bbox 1088 1803 1213 1838; x_wconf 81' lang='lat' dir='ltr'><strong>mentis</strong></span> <span class='ocrx_word' id='word_1_250' title='bbox 1247 1805 1412 1840; x_wconf 83' lang='lat' dir='ltr'><strong>imitetur.</strong></span> <span class='ocrx_word' id='word_1_251' title='bbox 1466 1805 1561 1847; x_wconf 76' lang='lat' dir='ltr'><strong>Quid</strong></span> <span class='ocrx_word' id='word_1_252' title='bbox 1593 1808 1657 1841; x_wconf 75' lang='lat' dir='ltr'><strong>sub</strong></span> <span class='ocrx_word' id='word_1_253' title='bbox 1683 1809 1812 1842; x_wconf 80' lang='lat' dir='ltr'><strong>vestitu</strong></span> 
     </span>
     <span class='ocr_line' id='line_1_29' title="bbox 314 1852 1815 1898; baseline 0.004 -13"><span class='ocrx_word' id='word_1_254' title='bbox 314 1852 431 1885; x_wconf 86' lang='lat' dir='ltr'><strong>ovium</strong></span> <span class='ocrx_word' id='word_1_255' title='bbox 465 1853 572 1895; x_wconf 84' lang='lat' dir='ltr'><strong>lupus</strong></span> <span class='ocrx_word' id='word_1_256' title='bbox 607 1853 732 1894; x_wconf 89' lang='lat' dir='ltr'><strong>latitat,</strong></span> <span class='ocrx_word' id='word_1_257' title='bbox 767 1852 855 1896; x_wconf 82' lang='lat' dir='ltr'><strong>quid</strong></span> <span class='ocrx_word' id='word_1_258' title='bbox 888 1865 1025 1898; x_wconf 73' lang='lat' dir='ltr'><strong>qreqem</strong></span> <span class='ocrx_word' id='word_1_259' title='bbox 1063 1853 1192 1887; x_wconf 79' lang='lat' dir='ltr'><strong>Christi</strong></span> <span class='ocrx_word' id='word_1_260' title='bbox 1224 1855 1286 1898; x_wconf 87' lang='lat' dir='ltr'><strong>qui</strong></span> <span class='ocrx_word' id='word_1_261' title='bbox 1320 1866 1356 1888; x_wconf 79' lang='lat' dir='ltr'><strong>ee</strong></span> <span class='ocrx_word' id='word_1_262' title='bbox 1389 1854 1620 1889; x_wconf 75' lang='lat' dir='ltr'><strong>christianum</strong></span> <span class='ocrx_word' id='word_1_263' title='bbox 1646 1858 1815 1891; x_wconf 79' lang='lat' dir='ltr'><strong>mentitur</strong></span> 
     </span>
     <span class='ocr_line' id='line_1_30' title="bbox 312 1900 1811 1950; baseline 0.004 -16"><span class='ocrx_word' id='word_1_264' title='bbox 312 1900 492 1944; x_wconf 70' lang='lat' dir='ltr'><strong>infamat?</strong></span> <span class='ocrx_word' id='word_1_265' title='bbox 543 1901 672 1935; x_wconf 77' lang='lat' dir='ltr'><strong>Christi</strong></span> <span class='ocrx_word' id='word_1_266' title='bbox 695 1913 822 1935; x_wconf 89' lang='lat' dir='ltr'><strong>nomen</strong></span> <span class='ocrx_word' id='word_1_267' title='bbox 847 1902 997 1936; x_wconf 87' lang='lat' dir='ltr'><strong>induere</strong></span> <span class='ocrx_word' id='word_1_268' title='bbox 1023 1907 1054 1936; x_wconf 92' lang='lat' dir='ltr'><strong>et</strong></span> <span class='ocrx_word' id='word_1_269' title='bbox 1078 1914 1151 1936; x_wconf 86' lang='lat' dir='ltr'><strong>non</strong></span> <span class='ocrx_word' id='word_1_270' title='bbox 1169 1914 1239 1946; x_wconf 88' lang='lat' dir='ltr'><strong>per</strong></span> <span class='ocrx_word' id='word_1_271' title='bbox 1265 1902 1395 1937; x_wconf 75' lang='lat' dir='ltr'><strong>Christi</strong></span> <span class='ocrx_word' id='word_1_272' title='bbox 1417 1903 1515 1938; x_wconf 82' lang='lat' dir='ltr'><strong>viam</strong></span> <span class='ocrx_word' id='word_1_273' title='bbox 1534 1915 1696 1949; x_wconf 76' lang='lat' dir='ltr'><strong>peryere‚</strong></span> <span class='ocrx_word' id='word_1_274' title='bbox 1721 1907 1811 1950; x_wconf 77' lang='lat' dir='ltr'><strong>quid</strong></span> 
     </span>
     <span class='ocr_line' id='line_1_31' title="bbox 313 1949 1810 1995; baseline 0.004 -12"><span class='ocrx_word' id='word_1_275' title='bbox 313 1949 415 1983; x_wconf 85' lang='lat' dir='ltr'><strong>aliud</strong></span> <span class='ocrx_word' id='word_1_276' title='bbox 433 1955 493 1992; x_wconf 88' lang='lat' dir='ltr'><strong>est,</strong></span> <span class='ocrx_word' id='word_1_277' title='bbox 515 1962 623 1993; x_wconf 81' lang='lat' dir='ltr'><strong>quam</strong></span> <span class='ocrx_word' id='word_1_278' title='bbox 638 1951 906 1994; x_wconf 85' lang='lat' dir='ltr'><strong>praevaricatio</strong></span> <span class='ocrx_word' id='word_1_279' title='bbox 924 1950 1039 1984; x_wconf 86' lang='lat' dir='ltr'><strong>divini</strong></span> <span class='ocrx_word' id='word_1_280' title='bbox 1062 1951 1226 1994; x_wconf 81' lang='lat' dir='ltr'><strong>nominis,</strong></span> <span class='ocrx_word' id='word_1_281' title='bbox 1252 1964 1358 1995; x_wconf 78' lang='lat' dir='ltr'><strong>quam</strong></span> <span class='ocrx_word' id='word_1_282' title='bbox 1383 1952 1530 1987; x_wconf 83' lang='lat' dir='ltr'><strong>desertio</strong></span> <span class='ocrx_word' id='word_1_283' title='bbox 1556 1954 1695 1988; x_wconf 68' lang='lat' dir='ltr'><strong>itineris</strong></span> <span class='ocrx_word' id='word_1_284' title='bbox 1712 1956 1810 1989; x_wconf 88' lang='lat' dir='ltr'><strong>salu—</strong></span> 
     </span>
     <span class='ocr_line' id='line_1_32' title="bbox 312 1997 1814 2046; baseline 0.005 -15"><span class='ocrx_word' id='word_1_285' title='bbox 312 1997 428 2032; x_wconf 70' lang='lat' dir='ltr'><strong>taris?</strong></span> <span class='ocrx_word' id='word_1_286' title='bbox 454 2000 597 2042; x_wconf 78' lang='lat' dir='ltr'><strong>quando</strong></span> <span class='ocrx_word' id='word_1_287' title='bbox 624 2000 698 2043; x_wconf 83' lang='lat' dir='ltr'><strong>ipse</strong></span> <span class='ocrx_word' id='word_1_288' title='bbox 735 2005 872 2034; x_wconf 87' lang='lat' dir='ltr'><strong>moneat</strong></span> <span class='ocrx_word' id='word_1_289' title='bbox 898 2005 930 2034; x_wconf 85' lang='lat' dir='ltr'><strong>et</strong></span> <span class='ocrx_word' id='word_1_290' title='bbox 954 1999 1062 2042; x_wconf 88' lang='lat' dir='ltr'><strong>dicat,</strong></span> <span class='ocrx_word' id='word_1_291' title='bbox 1089 2011 1168 2034; x_wconf 86' lang='lat' dir='ltr'><strong>eum</strong></span> <span class='ocrx_word' id='word_1_292' title='bbox 1193 2011 1265 2035; x_wconf 83' lang='lat' dir='ltr'><strong>esse</strong></span> <span class='ocrx_word' id='word_1_293' title='bbox 1291 1999 1497 2045; x_wconf 81' lang='lat' dir='ltr'><strong>sapientem,</strong></span> <span class='ocrx_word' id='word_1_294' title='bbox 1521 2002 1584 2046; x_wconf 78' lang='lat' dir='ltr'><strong>qui</strong></span> <span class='ocrx_word' id='word_1_295' title='bbox 1609 2004 1717 2037; x_wconf 83' lang='lat' dir='ltr'><strong>verba</strong></span> <span class='ocrx_word' id='word_1_296' title='bbox 1740 2003 1814 2039; x_wconf 83' lang='lat' dir='ltr'><strong>Dei</strong></span> 
     </span>
     <span class='ocr_line' id='line_1_33' title="bbox 314 2044 1812 2101; baseline 0.003 -14"><span class='ocrx_word' id='word_1_297' title='bbox 314 2053 471 2087; x_wconf 75' lang='lat' dir='ltr'><strong>audierit</strong></span> <span class='ocrx_word' id='word_1_298' title='bbox 497 2060 528 2087; x_wconf 75' lang='lat' dir='ltr'><strong>et</strong></span> <span class='ocrx_word' id='word_1_299' title='bbox 545 2055 685 2098; x_wconf 70' lang='lat' dir='ltr'><strong>fecerit.</strong></span> <span class='ocrx_word' id='word_1_300' title='bbox 735 2044 880 2101; x_wconf 91' lang='lat' dir='ltr'><strong>Atque</strong></span> <span class='ocrx_word' id='word_1_301' title='bbox 916 2045 962 2087; x_wconf 91' lang='lat' dir='ltr'><strong>in</strong></span> <span class='ocrx_word' id='word_1_302' title='bbox 999 2044 1109 2088; x_wconf 91' lang='lat' dir='ltr'><strong>libro</strong></span> <span class='ocrx_word' id='word_1_303' title='bbox 1140 2044 1193 2088; x_wconf 90' lang='lat' dir='ltr'><strong>de</strong></span> <span class='ocrx_word' id='word_1_304' title='bbox 1223 2047 1384 2089; x_wconf 85' lang='lat' dir='ltr'><strong>unitate</strong></span> <span class='ocrx_word' id='word_1_305' title='bbox 1415 2046 1650 2090; x_wconf 83' lang='lat' dir='ltr'><strong>catholicae</strong></span> <span class='ocrx_word' id='word_1_306' title='bbox 1678 2048 1812 2092; x_wconf 87' lang='lat' dir='ltr'><strong>eccle-</strong></span> 
     </span>
     <span class='ocr_line' id='line_1_34' title="bbox 313 2099 1812 2160; baseline 0.007 -21"><span class='ocrx_word' id='word_1_307' title='bbox 313 2099 401 2141; x_wconf 86' lang='lat' dir='ltr'><strong>siae</strong></span> <span class='ocrx_word' id='word_1_308' title='bbox 430 2099 545 2142; x_wconf 91' lang='lat' dir='ltr'><strong>idem</strong></span> <span class='ocrx_word' id='word_1_309' title='bbox 576 2099 821 2157; x_wconf 84' lang='lat' dir='ltr'><strong>Cyprianus</strong></span> <span class='ocrx_word' id='word_1_310' title='bbox 851 2101 1127 2158; x_wconf 82' lang='lat' dir='ltr'><strong>episcopus⁵:</strong></span> <span class='ocrx_word' id='word_1_311' title='bbox 1163 2110 1251 2155; x_wconf 75' lang='lat' dir='ltr'><strong>Opto</strong></span> <span class='ocrx_word' id='word_1_312' title='bbox 1277 2112 1449 2155; x_wconf 77' lang='lat' dir='ltr'><strong>equidem,</strong></span> <span class='ocrx_word' id='word_1_313' title='bbox 1475 2103 1626 2160; x_wconf 88' lang='lat' dir='ltr'><strong>inquit,</strong></span> <span class='ocrx_word' id='word_1_314' title='bbox 1657 2114 1812 2149; x_wconf 74' lang='lat' dir='ltr'><strong>dilectis-</strong></span> 
     </span>
     <span class='ocr_line' id='line_1_35' title="bbox 311 2157 1813 2206; baseline 0.005 -15"><span class='ocrx_word' id='word_1_315' title='bbox 311 2157 392 2192; x_wconf 86' lang='lat' dir='ltr'><strong>simi</strong></span> <span class='ocrx_word' id='word_1_316' title='bbox 414 2159 568 2202; x_wconf 82' lang='lat' dir='ltr'><strong>fratres‚</strong></span> <span class='ocrx_word' id='word_1_317' title='bbox 595 2164 628 2194; x_wconf 90' lang='lat' dir='ltr'><strong>et</strong></span> <span class='ocrx_word' id='word_1_318' title='bbox 653 2161 795 2194; x_wconf 83' lang='lat' dir='ltr'><strong>consulo</strong></span> <span class='ocrx_word' id='word_1_319' title='bbox 821 2162 964 2204; x_wconf 84' lang='lat' dir='ltr'><strong>pariter</strong></span> <span class='ocrx_word' id='word_1_320' title='bbox 998 2167 1031 2195; x_wconf 88' lang='lat' dir='ltr'><strong>et</strong></span> <span class='ocrx_word' id='word_1_321' title='bbox 1065 2162 1211 2202; x_wconf 82' lang='lat' dir='ltr'><strong>suadeo,</strong></span> <span class='ocrx_word' id='word_1_322' title='bbox 1249 2166 1298 2201; x_wconf 89' lang='lat' dir='ltr'><strong>ut,</strong></span> <span class='ocrx_word' id='word_1_323' title='bbox 1324 2160 1357 2195; x_wconf 83' lang='lat' dir='ltr'><strong>si</strong></span> <span class='ocrx_word' id='word_1_324' title='bbox 1377 2160 1464 2204; x_wconf 78' lang='lat' dir='ltr'><strong>fieri</strong></span> <span class='ocrx_word' id='word_1_325' title='bbox 1481 2168 1609 2206; x_wconf 86' lang='lat' dir='ltr'><strong>potest,</strong></span> <span class='ocrx_word' id='word_1_326' title='bbox 1642 2175 1741 2198; x_wconf 86' lang='lat' dir='ltr'><strong>nemo</strong></span> <span class='ocrx_word' id='word_1_327' title='bbox 1767 2165 1813 2199; x_wconf 85' lang='lat' dir='ltr'><strong>de</strong></span> 
     </span>
     <span class='ocr_line' id='line_1_36' title="bbox 302 2208 1811 2257; baseline 0.005 -17"><span class='ocrx_word' id='word_1_328' title='bbox 302 2208 487 2250; x_wconf 82' lang='lat' dir='ltr'><strong>fratribus</strong></span> <span class='ocrx_word' id='word_1_329' title='bbox 507 2213 644 2251; x_wconf 86' lang='lat' dir='ltr'><strong>pereat,</strong></span> <span class='ocrx_word' id='word_1_330' title='bbox 670 2214 703 2244; x_wconf 89' lang='lat' dir='ltr'><strong>et</strong></span> <span class='ocrx_word' id='word_1_331' title='bbox 720 2210 966 2244; x_wconf 83' lang='lat' dir='ltr'><strong>consentientis</strong></span> <span class='ocrx_word' id='word_1_332' title='bbox 980 2210 1111 2254; x_wconf 83' lang='lat' dir='ltr'><strong>populi</strong></span> <span class='ocrx_word' id='word_1_333' title='bbox 1132 2220 1258 2252; x_wconf 86' lang='lat' dir='ltr'><strong>corpus</strong></span> <span class='ocrx_word' id='word_1_334' title='bbox 1286 2221 1397 2243; x_wconf 85' lang='lat' dir='ltr'><strong>unum</strong></span> <span class='ocrx_word' id='word_1_335' title='bbox 1411 2212 1543 2255; x_wconf 64' lang='lat' dir='ltr'><strong>gremio</strong></span> <span class='ocrx_word' id='word_1_336' title='bbox 1569 2223 1634 2246; x_wconf 83' lang='lat' dir='ltr'><strong>suo</strong></span> <span class='ocrx_word' id='word_1_337' title='bbox 1647 2214 1811 2257; x_wconf 64' lang='lat' dir='ltr'><strong>gaudens</strong></span> 
     </span>
     <span class='ocr_line' id='line_1_37' title="bbox 312 2257 1809 2303; baseline 0.005 -15"><span class='ocrx_word' id='word_1_338' title='bbox 312 2260 425 2290; x_wconf 87' lang='lat' dir='ltr'><strong>mater</strong></span> <span class='ocrx_word' id='word_1_339' title='bbox 462 2257 635 2292; x_wconf 80' lang='lat' dir='ltr'><strong>includat.</strong></span> <span class='ocrx_word' id='word_1_340' title='bbox 688 2257 730 2292; x_wconf 83' lang='lat' dir='ltr'><strong>Si</strong></span> <span class='ocrx_word' id='word_1_341' title='bbox 767 2265 883 2293; x_wconf 86' lang='lat' dir='ltr'><strong>tamen</strong></span> <span class='ocrx_word' id='word_1_342' title='bbox 922 2260 1095 2303; x_wconf 82' lang='lat' dir='ltr'><strong>quosdam</strong></span> <span class='ocrx_word' id='word_1_343' title='bbox 1132 2259 1333 2292; x_wconf 79' lang='lat' dir='ltr'><strong>scismatum</strong></span> <span class='ocrx_word' id='word_1_344' title='bbox 1367 2259 1472 2294; x_wconf 84' lang='lat' dir='ltr'><strong>duces</strong></span> <span class='ocrx_word' id='word_1_345' title='bbox 1510 2266 1542 2294; x_wconf 88' lang='lat' dir='ltr'><strong>et</strong></span> <span class='ocrx_word' id='word_1_346' title='bbox 1580 2261 1809 2296; x_wconf 73' lang='lat' dir='ltr'><strong>dissensionis</strong></span> 
     </span>
     <span class='ocr_line' id='line_1_38' title="bbox 313 2306 1810 2352; baseline 0.004 -15"><span class='ocrx_word' id='word_1_347' title='bbox 313 2311 473 2339; x_wconf 85' lang='lat' dir='ltr'><strong>auctores</strong></span> <span class='ocrx_word' id='word_1_348' title='bbox 506 2306 546 2339; x_wconf 86' lang='lat' dir='ltr'><strong>in</strong></span> <span class='ocrx_word' id='word_1_349' title='bbox 582 2318 689 2340; x_wconf 86' lang='lat' dir='ltr'><strong>caeca</strong></span> <span class='ocrx_word' id='word_1_350' title='bbox 721 2312 752 2341; x_wconf 88' lang='lat' dir='ltr'><strong>et</strong></span> <span class='ocrx_word' id='word_1_351' title='bbox 782 2308 960 2341; x_wconf 83' lang='lat' dir='ltr'><strong>obstinata</strong></span> <span class='ocrx_word' id='word_1_352' title='bbox 993 2306 1168 2341; x_wconf 81' lang='lat' dir='ltr'><strong>dement-ia</strong></span> <span class='ocrx_word' id='word_1_353' title='bbox 1192 2313 1441 2351; x_wconf 77' lang='lat' dir='ltr'><strong>permanentes</strong></span> <span class='ocrx_word' id='word_1_354' title='bbox 1471 2321 1543 2342; x_wconf 88' lang='lat' dir='ltr'><strong>non</strong></span> <span class='ocrx_word' id='word_1_355' title='bbox 1569 2310 1728 2352; x_wconf 82' lang='lat' dir='ltr'><strong>potuerit</strong></span> <span class='ocrx_word' id='word_1_356' title='bbox 1760 2311 1810 2344; x_wconf 89' lang='lat' dir='ltr'><strong>ad</strong></span> 
     </span>
     <span class='ocr_line' id='line_1_39' title="bbox 312 2353 1810 2401; baseline 0.003 -14"><span class='ocrx_word' id='word_1_357' title='bbox 312 2353 438 2387; x_wconf 81' lang='lat' dir='ltr'><strong>salutis</strong></span> <span class='ocrx_word' id='word_1_358' title='bbox 475 2354 572 2389; x_wconf 85' lang='lat' dir='ltr'><strong>viam</strong></span> <span class='ocrx_word' id='word_1_359' title='bbox 611 2356 795 2389; x_wconf 84' lang='lat' dir='ltr'><strong>consilium</strong></span> <span class='ocrx_word' id='word_1_360' title='bbox 827 2356 970 2390; x_wconf 85' lang='lat' dir='ltr'><strong>salubre</strong></span> <span class='ocrx_word' id='word_1_361' title='bbox 1005 2368 1182 2397; x_wconf 87' lang='lat' dir='ltr'><strong>revocare,</strong></span> <span class='ocrx_word' id='word_1_362' title='bbox 1217 2356 1321 2390; x_wconf 86' lang='lat' dir='ltr'><strong>ceteri</strong></span> <span class='ocrx_word' id='word_1_363' title='bbox 1351 2361 1467 2391; x_wconf 85' lang='lat' dir='ltr'><strong>tamen</strong></span> <span class='ocrx_word' id='word_1_364' title='bbox 1501 2358 1558 2391; x_wconf 87' lang='lat' dir='ltr'><strong>vel</strong></span> <span class='ocrx_word' id='word_1_365' title='bbox 1589 2358 1810 2401; x_wconf 79' lang='lat' dir='ltr'><strong>simplicitate</strong></span> 
     </span>
     <span class='ocr_line' id='line_1_40' title="bbox 313 2403 1810 2451; baseline 0.005 -17"><span class='ocrx_word' id='word_1_366' title='bbox 313 2403 407 2445; x_wconf 87' lang='lat' dir='ltr'><strong>capti</strong></span> <span class='ocrx_word' id='word_1_367' title='bbox 431 2404 489 2437; x_wconf 89' lang='lat' dir='ltr'><strong>vel</strong></span> <span class='ocrx_word' id='word_1_368' title='bbox 513 2415 630 2438; x_wconf 88' lang='lat' dir='ltr'><strong>errore</strong></span> <span class='ocrx_word' id='word_1_369' title='bbox 655 2404 794 2438; x_wconf 85' lang='lat' dir='ltr'><strong>inducti</strong></span> <span class='ocrx_word' id='word_1_370' title='bbox 818 2407 873 2439; x_wconf 88' lang='lat' dir='ltr'><strong>vel</strong></span> <span class='ocrx_word' id='word_1_371' title='bbox 899 2406 1021 2448; x_wconf 84' lang='lat' dir='ltr'><strong>aliqua</strong></span> <span class='ocrx_word' id='word_1_372' title='bbox 1037 2404 1204 2447; x_wconf 84' lang='lat' dir='ltr'><strong>fallentis</strong></span> <span class='ocrx_word' id='word_1_373' title='bbox 1231 2404 1383 2438; x_wconf 83' lang='lat' dir='ltr'><strong>astutiae</strong></span> <span class='ocrx_word' id='word_1_374' title='bbox 1407 2405 1600 2440; x_wconf 86' lang='lat' dir='ltr'><strong>calliditate</strong></span> <span class='ocrx_word' id='word_1_375' title='bbox 1621 2407 1756 2451; x_wconf 88' lang='lat' dir='ltr'><strong>decepti</strong></span> <span class='ocrx_word' id='word_1_376' title='bbox 1786 2419 1810 2441; x_wconf 85' lang='lat' dir='ltr'><strong>a</strong></span> 
     </span>
     <span class='ocr_line' id='line_1_41' title="bbox 301 2451 1809 2499; baseline 0.005 -17"><span class='ocrx_word' id='word_1_377' title='bbox 301 2451 480 2493; x_wconf 86' lang='lat' dir='ltr'><strong>fallaciae</strong></span> <span class='ocrx_word' id='word_1_378' title='bbox 510 2464 573 2486; x_wconf 83' lang='lat' dir='ltr'><strong>vos</strong></span> <span class='ocrx_word' id='word_1_379' title='bbox 606 2453 743 2496; x_wconf 79' lang='lat' dir='ltr'><strong>laqueis</strong></span> <span class='ocrx_word' id='word_1_380' title='bbox 774 2453 905 2495; x_wconf 77' lang='lat' dir='ltr'><strong>solvite,</strong></span> <span class='ocrx_word' id='word_1_381' title='bbox 941 2457 1139 2498; x_wconf 66' lang='lat' dir='ltr'><strong>vagantes⁰</strong></span> <span class='ocrx_word' id='word_1_382' title='bbox 1170 2464 1313 2497; x_wconf 67' lang='lat' dir='ltr'><strong>gressus</strong></span> <span class='ocrx_word' id='word_1_383' title='bbox 1352 2453 1396 2486; x_wconf 89' lang='lat' dir='ltr'><strong>ab</strong></span> <span class='ocrx_word' id='word_1_384' title='bbox 1435 2454 1613 2488; x_wconf 78' lang='lat' dir='ltr'><strong>erroribus</strong></span> <span class='ocrx_word' id='word_1_385' title='bbox 1651 2456 1809 2499; x_wconf 87' lang='lat' dir='ltr'><strong>liberate,</strong></span> 
     </span>
     <span class='ocr_line' id='line_1_42' title="bbox 99 2499 1810 2546; baseline 0.007 -18"><span class='ocrx_word' id='word_1_386' title='bbox 99 2501 298 2537; x_wconf 52' lang='lat' dir='ltr'><strong>&amp;Thess-ax.</strong></span> <span class='ocrx_word' id='word_1_387' title='bbox 312 2499 379 2533; x_wconf 86' lang='lat' dir='ltr'><strong>iter</strong></span> <span class='ocrx_word' id='word_1_388' title='bbox 402 2504 534 2534; x_wconf 89' lang='lat' dir='ltr'><strong>rectum</strong></span> <span class='ocrx_word' id='word_1_389' title='bbox 559 2501 639 2535; x_wconf 86' lang='lat' dir='ltr'><strong>viae</strong></span> <span class='ocrx_word' id='word_1_390' title='bbox 665 2503 821 2536; x_wconf 85' lang='lat' dir='ltr'><strong>caelestis</strong></span> <span class='ocrx_word' id='word_1_391' title='bbox 847 2502 1032 2546; x_wconf 76' lang='lat' dir='ltr'><strong>aynoscite.</strong></span> <span class='ocrx_word' id='word_1_392' title='bbox 1076 2501 1308 2535; x_wconf 79' lang='lat' dir='ltr'><strong>Contestantis</strong></span> <span class='ocrx_word' id='word_1_393' title='bbox 1327 2502 1477 2545; x_wconf 83' lang='lat' dir='ltr'><strong>apostoli</strong></span> <span class='ocrx_word' id='word_1_394' title='bbox 1499 2514 1570 2538; x_wconf 80' lang='lat' dir='ltr'><strong>vox</strong></span> <span class='ocrx_word' id='word_1_395' title='bbox 1587 2509 1656 2538; x_wconf 78' lang='lat' dir='ltr'><strong>est:</strong></span> <span class='ocrx_word' id='word_1_396' title='bbox 1686 2504 1810 2540; x_wconf 77' lang='lat' dir='ltr'><strong>‘Prae-</strong></span> 
     </span>
     <span class='ocr_line' id='line_1_43' title="bbox 313 2548 1809 2594; baseline 0.005 -13"><span class='ocrx_word' id='word_1_397' title='bbox 313 2548 460 2591; x_wconf 86' lang='lat' dir='ltr'><strong>cipimus</strong></span> <span class='ocrx_word' id='word_1_398' title='bbox 491 2548 612 2591; x_wconf 57' lang='lat' dir='ltr'><strong>vobiffi,</strong></span> <span class='ocrx_word' id='word_1_399' title='bbox 646 2551 771 2594; x_wconf 81' lang='lat' dir='ltr'><strong>inquit,</strong></span> <span class='ocrx_word' id='word_1_400' title='bbox 807 2550 857 2584; x_wconf 88' lang='lat' dir='ltr'><strong>‘in</strong></span> <span class='ocrx_word' id='word_1_401' title='bbox 888 2551 1026 2584; x_wconf 85' lang='lat' dir='ltr'><strong>nomine</strong></span> <span class='ocrx_word' id='word_1_402' title='bbox 1056 2550 1191 2583; x_wconf 85' lang='lat' dir='ltr'><strong>domini</strong></span> <span class='ocrx_word' id='word_1_403' title='bbox 1214 2550 1300 2584; x_wconf 86' lang='lat' dir='ltr'><strong>Iesu</strong></span> <span class='ocrx_word' id='word_1_404' title='bbox 1327 2550 1466 2594; x_wconf 76' lang='lat' dir='ltr'><strong>Christi,</strong></span> <span class='ocrx_word' id='word_1_405' title='bbox 1500 2557 1541 2585; x_wconf 85' lang='lat' dir='ltr'><strong>ut</strong></span> <span class='ocrx_word' id='word_1_406' title='bbox 1564 2553 1738 2587; x_wconf 84' lang='lat' dir='ltr'><strong>recedatis</strong></span> <span class='ocrx_word' id='word_1_407' title='bbox 1763 2554 1809 2588; x_wconf 90' lang='lat' dir='ltr'><strong>ab</strong></span> 
     </span>
     <span class='ocr_line' id='line_1_44' title="bbox 313 2596 1811 2645; baseline 0.004 -15"><span class='ocrx_word' id='word_1_408' title='bbox 313 2596 473 2630; x_wconf 84' lang='lat' dir='ltr'><strong>omnibus</strong></span> <span class='ocrx_word' id='word_1_409' title='bbox 488 2598 671 2640; x_wconf 85' lang='lat' dir='ltr'><strong>fratribus</strong></span> <span class='ocrx_word' id='word_1_410' title='bbox 698 2598 959 2632; x_wconf 82' lang='lat' dir='ltr'><strong>ambulantibus</strong></span> <span class='ocrx_word' id='word_1_411' title='bbox 985 2599 1188 2632; x_wconf 85' lang='lat' dir='ltr'><strong>inordinate</strong></span> <span class='ocrx_word' id='word_1_412' title='bbox 1215 2605 1247 2633; x_wconf 87' lang='lat' dir='ltr'><strong>et</strong></span> <span class='ocrx_word' id='word_1_413' title='bbox 1271 2611 1342 2633; x_wconf 89' lang='lat' dir='ltr'><strong>non</strong></span> <span class='ocrx_word' id='word_1_414' title='bbox 1361 2601 1553 2634; x_wconf 81' lang='lat' dir='ltr'><strong>secundum</strong></span> <span class='ocrx_word' id='word_1_415' title='bbox 1571 2602 1811 2645; x_wconf 71' lang='lat' dir='ltr'><strong>traditionem,</strong></span> 
     </span>
    </p>
   </div>
   <div class='ocr_carea' id='block_1_4' title="bbox 313 2692 1810 2761">
    <p class='ocr_par' dir='ltr' id='par_1_7' title="bbox 313 2692 1810 2761">
     <span class='ocr_line' id='line_1_45' title="bbox 313 2692 1810 2758; baseline 0.004 -38"><span class='ocrx_word' id='word_1_416' title='bbox 313 2692 344 2727; x_wconf 81' lang='lat' dir='ltr'><strong>a)</strong></span> <span class='ocrx_word' id='word_1_417' title='bbox 366 2694 419 2758; x_wconf 49' lang='lat' dir='ltr'><strong>sec?</strong></span> <span class='ocrx_word' id='word_1_418' title='bbox 444 2695 476 2727; x_wconf 76' lang='lat'><strong>¹3</strong></span> <span class='ocrx_word' id='word_1_419' title='bbox 497 2694 564 2721; x_wconf 79' lang='lat' dir='ltr'><strong>bene</strong></span> <span class='ocrx_word' id='word_1_420' title='bbox 583 2696 740 2722; x_wconf 78' lang='lat' dir='ltr'><strong>emendavit</strong></span> <span class='ocrx_word' id='word_1_421' title='bbox 760 2695 878 2722; x_wconf 74' lang='lat' dir='ltr'><strong>schard.</strong></span> <span class='ocrx_word' id='word_1_422' title='bbox 978 2695 1011 2729; x_wconf 91' lang='lat' dir='ltr'><strong>b)</strong></span> <span class='ocrx_word' id='word_1_423' title='bbox 1033 2697 1190 2723; x_wconf 76' lang='lat' dir='ltr'><strong>simultate</strong></span> <span class='ocrx_word' id='word_1_424' title='bbox 1213 2697 1294 2730; x_wconf 77' lang='lat' dir='ltr'><strong>Cypr.</strong></span> <span class='ocrx_word' id='word_1_425' title='bbox 1386 2697 1414 2731; x_wconf 83' lang='lat' dir='ltr'><strong>c)</strong></span> <span class='ocrx_word' id='word_1_426' title='bbox 1436 2700 1601 2730; x_wconf 78' lang='lat' dir='ltr'><strong>vagantem</strong></span> <span class='ocrx_word' id='word_1_427' title='bbox 1624 2700 1659 2732; x_wconf 75' lang='grc' dir='ltr'><strong>ις</strong></span> <span class='ocrx_word' id='word_1_428' title='bbox 1687 2698 1810 2726; x_wconf 68' lang='lat' dir='ltr'><strong>Schera.</strong></span> 
     </span>
     <span class='ocr_line' id='line_1_46' title="bbox 313 2733 479 2761; baseline 0.012 -2"><span class='ocrx_word' id='word_1_429' title='bbox 313 2740 390 2759; x_wconf 86' lang='lat' dir='ltr'><strong>emen</strong></span> <span class='ocrx_word' id='word_1_430' title='bbox 410 2733 479 2761; x_wconf 83' lang='lat' dir='ltr'><strong>avit.</strong></span> 
     </span>
    </p>
   </div>
   <div class='ocr_carea' id='block_1_5' title="bbox 312 2790 1878 2958">
    <p class='ocr_par' dir='ltr' id='par_1_8' title="bbox 312 2790 1878 2958">
     <span class='ocr_line' id='line_1_47' title="bbox 316 2790 1878 2863; baseline 0.002 -16"><span class='ocrx_word' id='word_1_431' title='bbox 316 2814 353 2859; x_wconf 91' lang='lat'><strong>1)</strong></span> <span class='ocrx_word' id='word_1_432' title='bbox 395 2815 447 2848; x_wconf 82' lang='lat' dir='ltr'><strong>Cf.</strong></span> <span class='ocrx_word' id='word_1_433' title='bbox 486 2815 641 2848; x_wconf 82' lang='lat' dir='ltr'><strong>Mariani</strong></span> <span class='ocrx_word' id='word_1_434' title='bbox 680 2815 783 2850; x_wconf 85' lang='lat' dir='ltr'><strong>Cont.</strong></span> <span class='ocrx_word' id='word_1_435' title='bbox 817 2817 869 2850; x_wconf 94' lang='lat'><strong>11.</strong></span> <span class='ocrx_word' id='word_1_436' title='bbox 908 2816 932 2850; x_wconf 91' lang='lat' dir='ltr'><strong>l.</strong></span> <span class='ocrx_word' id='word_1_437' title='bbox 965 2828 995 2850; x_wconf 87' lang='lat' dir='ltr'><strong>c.</strong></span> <span class='ocrx_word' id='word_1_438' title='bbox 1036 2829 1070 2861; x_wconf 91' lang='lat' dir='ltr'><strong>p.</strong></span> <span class='ocrx_word' id='word_1_439' title='bbox 1099 2817 1190 2859; x_wconf 80' lang='lat'>5643</span> <span class='ocrx_word' id='word_1_440' title='bbox 1230 2818 1371 2851; x_wconf 85' lang='lat' dir='ltr'><strong>Ekkeh.</strong></span> <span class='ocrx_word' id='word_1_441' title='bbox 1413 2818 1496 2852; x_wconf 82' lang='lat' dir='ltr'><strong>chr.</strong></span> <span class='ocrx_word' id='word_1_442' title='bbox 1534 2818 1559 2853; x_wconf 91' lang='lat' dir='ltr'><strong>l.</strong></span> <span class='ocrx_word' id='word_1_443' title='bbox 1587 2830 1618 2854; x_wconf 88' lang='lat' dir='ltr'><strong>c.</strong></span> <span class='ocrx_word' id='word_1_444' title='bbox 1657 2831 1692 2863; x_wconf 89' lang='lat' dir='ltr'><strong>p.</strong></span> <span class='ocrx_word' id='word_1_445' title='bbox 1723 2817 1807 2852; x_wconf 80' lang='lat'><strong>207.</strong></span> <span class='ocrx_word' id='word_1_446' title='bbox 1835 2847 1838 2850; x_wconf 88' lang='lat'>.</span> <span class='ocrx_word' id='word_1_447' title='bbox 1872 2790 1878 2802; x_wconf 49' lang='lat'><strong>⁴</strong></span> 
     </span>
     <span class='ocr_line' id='line_1_48' title="bbox 315 2864 1878 2910; baseline 0.003 -14"><span class='ocrx_word' id='word_1_448' title='bbox 315 2864 351 2906; x_wconf 84' lang='lat'><strong>2)</strong></span> <span class='ocrx_word' id='word_1_449' title='bbox 385 2864 440 2897; x_wconf 85' lang='lat' dir='ltr'><strong>cf.</strong></span> <span class='ocrx_word' id='word_1_450' title='bbox 466 2864 571 2897; x_wconf 88' lang='lat' dir='ltr'><strong>Thiel</strong></span> <span class='ocrx_word' id='word_1_451' title='bbox 604 2876 638 2908; x_wconf 86' lang='lat' dir='ltr'><strong>p.</strong></span> <span class='ocrx_word' id='word_1_452' title='bbox 662 2865 744 2899; x_wconf 88' lang='grc'><strong>341.</strong></span> <span class='ocrx_word' id='word_1_453' title='bbox 845 2867 882 2907; x_wconf 86' lang='grc'><strong>3)</strong></span> <span class='ocrx_word' id='word_1_454' title='bbox 915 2866 1084 2910; x_wconf 80' lang='lat' dir='ltr'><strong>Cypriani</strong></span> <span class='ocrx_word' id='word_1_455' title='bbox 1111 2867 1231 2910; x_wconf 81' lang='lat' dir='ltr'><strong>Opera</strong></span> <span class='ocrx_word' id='word_1_456' title='bbox 1265 2879 1300 2910; x_wconf 91' lang='lat' dir='ltr'><strong>p.</strong></span> <span class='ocrx_word' id='word_1_457' title='bbox 1329 2867 1549 2902; x_wconf 82' lang='lat'>407—409.</span> <span class='ocrx_word' id='word_1_458' title='bbox 1648 2869 1686 2907; x_wconf 82' lang='lat'><strong>4)</strong></span> <span class='ocrx_word' id='word_1_459' title='bbox 1713 2867 1809 2900; x_wconf 87' lang='lat' dir='ltr'><strong>Ibid.</strong></span> <span class='ocrx_word' id='word_1_460' title='bbox 1860 2866 1878 2893; x_wconf 60' lang='grc' dir='ltr'><strong>ἴ·</strong></span> 
     </span>
     <span class='ocr_line' id='line_1_49' title="bbox 312 2912 887 2958; baseline 0.007 -13"><span class='ocrx_word' id='word_1_461' title='bbox 312 2925 348 2958; x_wconf 83' lang='lat' dir='ltr'><strong>p.</strong></span> <span class='ocrx_word' id='word_1_462' title='bbox 373 2913 458 2946; x_wconf 82' lang='lat'><strong>427.</strong></span> <span class='ocrx_word' id='word_1_463' title='bbox 560 2912 596 2955; x_wconf 81' lang='lat'><strong>5)</strong></span> <span class='ocrx_word' id='word_1_464' title='bbox 623 2913 716 2949; x_wconf 86' lang='lat' dir='ltr'><strong>Ibid.</strong></span> <span class='ocrx_word' id='word_1_465' title='bbox 743 2925 778 2958; x_wconf 91' lang='lat' dir='ltr'><strong>p.</strong></span> <span class='ocrx_word' id='word_1_466' title='bbox 805 2914 887 2949; x_wconf 83' lang='lat'>230.</span> 
     </span>
    </p>
   </div>
  </div>
 </body>
</html>
