1878 3308
318 297 363 330 98
562 296 628 330 DE
655 295 866 330 UNITATE
893 293 1166 328 ECCLESIAE
1199 292 1566 328 CONSERVANDA.

113 428 200 456 10⁸5.
222 426 307 461 Sept.
320 410 624 466 imperatorem
691 422 738 450 er
766 407 856 449 vim
893 404 1036 448 bellici
1070 405 1305 448 tumultus¹
1337 403 1558 447 discedere
1595 418 1651 446 ex
1682 403 1817 446 Saxo-

319 466 419 507 nia²
457 479 557 506 cum
600 470 671 506 cat
701 463 822 506 olicis
868 462 1095 519 episcopis,
1140 462 1379 518 aperientes
1422 461 1576 503 iterum
1618 459 1818 502 hereticis

321 521 488 563 aditum
528 519 773 563 introeundi
810 518 866 561 ad
906 517 1015 561 ovile
1055 518 1213 572 ovium,
1251 523 1301 559 ut
1334 531 1413 574 pro
1452 515 1696 574 pastoribus
1724 514 1818 581 lupi

218 590 304 616 1086.
322 577 646 620 dominarentur
683 576 750 618 iis.
809 575 915 617 Post
952 574 1057 616 haec
1097 587 1208 616 anno
1248 572 1395 627 altero,
1435 587 1533 615 cum
1572 574 1658 614 iam
1689 569 1819 627 simili

320 633 462 686 modo,
502 633 614 675 sicut
652 632 896 689 frequenter
933 630 1094 673 factum
1126 636 1203 684 est,
1234 628 1378 672 elusus
1407 629 1559 671 fuisset
1585 629 1819 685 imperator

353 704 399 731 er
430 689 651 732 Saxonum
680 695 810 745 atque
837 687 1158 742 Thuringorum
1186 685 1413 743 perfidiam
1425 691 1455 737 ³,
1493 685 1568 741 qui
1594 699 1732 741 usque
1761 683 1819 725 ad

321 705 476 788 flotam
507 744 686 787 fluvium
717 758 816 786 cum
838 744 1031 786 exercitu
1062 757 1139 784 suo
1160 748 1263 784 tunc
1282 746 1588 799 peragraverat
1607 748 1818 783 utrorum—

322 816 405 858 que
426 801 706 858 provinciam,
736 800 974 855 composita
993 813 1102 856 pace
1130 799 1253 841 iuxta
1273 797 1552 851 conditiones,
1578 810 1684 854 quas
1703 796 1819 853 prin·

323 857 442 914 cipes
481 857 697 913 utrimque
736 869 896 912 aequas
935 862 979 897 et
1017 854 1141 896 utiles
1179 855 1455 907 iudicassent,
1494 852 1690 896 discessit
1717 851 1819 894 inde

321 920 499 970 propter
535 913 763 955 instantem
804 911 1177 968 quadragesimam
1192 918 1221 952 ⁴.
1282 910 1367 953 Sed
1405 915 1619 952 amatores
1649 914 1819 951 conten-

322 969 450 1011 tionis
493 983 545 1010 ac
593 967 835 1011 discordiae
884 966 1244 1024 pseudoepiscopi
1288 966 1505 1009 Saxoniae
1554 963 1821 1022 quaerebant

323 1023 448 1067 solito
488 1025 609 1082 pacis
650 1023 916 1067 conditiones
953 1024 1276 1079 interrumpere,
1307 1023 1528 1079 cupientes
1558 1022 1696 1079 magis
1726 1034 1820 1078 per-

322 1080 425 1122 fidia
468 1089 510 1124 et
552 1081 739 1137 periurio
783 1094 933 1122 secum
972 1094 1119 1122 omnes
1155 1080 1303 1134 teneri,
1343 1092 1470 1135 quam
1512 1092 1663 1135 pacem
1703 1076 1818 1131 fieri3

322 1137 503 1194 ideoque
540 1151 626 1179 non
664 1137 764 1190 iam,
801 1137 913 1178 sicut
946 1142 1083 1188 antea,
1120 1134 1322 1178 volebant
1361 1140 1562 1177 eventum
1604 1132 1706 1177 belli
1746 1147 1820 1175 ex-

322 1199 496 1249 pectare
534 1194 646 1235 intra
680 1192 925 1249 provincias
959 1191 1028 1234 vel
1068 1192 1284 1234 Saxoniae
1320 1189 1388 1233 vel
1426 1190 1703 1247 Thuringiae,
1741 1187 1820 1231 sed
1849 1191 1852 1194 ’

322 1248 540 1291 audebant
568 1247 675 1290 illud
704 1254 828 1290 extra
859 1248 966 1290 fines
995 1262 1096 1290 suos
1126 1249 1170 1290 in
1191 1247 1396 1290 ulteriora
1423 1247 1548 1302 regni
1576 1245 1820 1299 transferre,

322 1304 399 1347 ubi
442 1310 620 1361 possent
666 1305 983 1346 communicata
1026 1318 1121 1346 cum
1173 1304 1325 1346 Suevis
1375 1301 1564 1345 scelera⁵
1613 1301 1820 1344 adversus

323 1360 550 1403 ecclesiam
570 1361 730 1417 pariter
759 1367 802 1403 et
821 1360 1029 1403 adversus
1048 1375 1138 1402 rem
1159 1359 1378 1416 publicam
1398 1359 1678 1413 committere,
1697 1358 1821 1400 iuxta

324 1417 440 1474 quod
471 1417 630 1459 factum
661 1423 726 1459 est
753 1417 799 1458 in
828 1417 1080 1473 episcopatu
1099 1416 1465 1471 wirziburgensis
1495 1414 1715 1469 ecclesiae,
1744 1412 1822 1456 ubi

322 1479 564 1530 pugnatum
606 1478 671 1516 est
707 1479 855 1516 contra
891 1474 1195 1530 imperatorem
1236 1471 1499 1514 Henriehum
1545 1471 1694 1528 quinta
1731 1470 1820 1512 iam

323 1530 433 1584 vice,
469 1543 581 1571 anno
620 1528 782 1572 scilicet
823 1529 943 1572 1086.
988 1529 1042 1572 ab
1087 1530 1379 1571 incarnatione
1415 1527 1607 1581 Domini,
1643 1528 1684 1570 3.
1714 1525 1820 1568 Idus

322 1585 522 1641 Augusti,
566 1585 710 1627 Huius
740 1599 911 1641 pugnae
942 1599 1074 1627 causa
1095 1586 1248 1639 extitit,
1278 1585 1408 1641 quia³
1437 1585 1452 1625 i
1485 1597 1576 1626 sam
1601 1583 1820 1626 civitatem

322 1640 574 1697 Wirziburg
612 1656 667 1683 ex
704 1640 928 1683 obsidione
955 1640 1143 1683 hostium
1172 1641 1404 1697 imperator
1431 1639 1461 1682 11
1494 1653 1612 1683 erare
1641 1637 1780 1681 voluit
1790 1645 1820 1692 ⁶,

323 1696 399 1739 sed
436 1697 560 1738 dolus
606 1698 745 1753 magis
786 1711 913 1754 quam
951 1697 1089 1739 virtus
1132 1697 1358 1739 victoriam
1401 1694 1596 1739 hostibus
1638 1695 1821 1752 peperit.

323 1753 630 1795 Verumtamen
659 1767 745 1795 non
775 1754 914 1809 magis
945 1766 1043 1793 cum
1071 1751 1264 1795 hostibus
1295 1766 1423 1808 quam
1454 1765 1552 1793 cum
1578 1750 1821 1808 proditione

324 1822 375 1851 ac
405 1808 587 1865 perfidia
617 1809 858 1851 sociorum⁷
890 1809 1140 1851 dimicatum
1171 1814 1246 1863 est,
1288 1822 1398 1865 quae
1433 1807 1654 1850 dimicatio
1683 1807 1820 1848 maior
1851 1806 1854 1808 ’

324 1916 354 1951 a)
378 1923 439 1949 qua
462 1918 495 1949 13
516 1916 645 1944 Goldast.
668 1918 833 1945 emendavit.

327 2008 364 2053 1)
391 2010 497 2042 Hanc
515 2009 729 2043 seditionem
747 2009 946 2053 Egbertum
972 2010 1126 2042 maxime
1145 2010 1313 2050 movisse,
1339 2009 1430 2042 Ann.
1449 2008 1622 2052 Magdeb.
1641 2011 1677 2042 et
1695 2008 1820 2052 sigeb.

326 2057 410 2102 (SS.
429 2059 495 2100 VI,
521 2070 557 2102 p.
585 2058 673 2101 365)
700 2060 863 2100 tradunt3
891 2059 951 2091 hic
980 2059 1084 2091 dicit:
1113 2057 1273 2091 Saaeones
1299 2056 1427 2090 iterum
1449 2057 1621 2091 rebellam
1644 2057 1822 2091 incentore

319 2118 412 2150 prae
438 2107 570 2140 cunctis
595 2106 745 2151 Eqberto
772 2107 903 2141 comite.
1013 2107 1050 2149 2)
1078 2106 1133 2141 Cf.
1160 2106 1332 2139 Bernoldi
1358 2106 1441 2140 Chr.
1469 2106 1548 2147 (SS.
1574 2107 1619 2148 V,
1653 2117 1688 2150 p.
1716 2104 1821 2150 444).

326 2155 365 2199 3)
394 2156 546 2200 Stumpf,
573 2157 664 2199 Reg.
685 2155 791 2190 2879.
811 2156 919 2191 2880.
939 2155 1052 2197 28933
1082 2155 1127 2188 cf.
1147 2155 1243 2199 quod
1260 2155 1480 2189 Waltramus
1505 2155 1583 2199 ipse
1610 2155 1655 2188 de
1673 2155 1823 2198 Egberti
1875 2191 1878 2194 Α

325 2204 478 2249 perfidia
506 2205 552 2246 (c.
581 2203 646 2247 33)
674 2205 773 2239 dicit.
874 2206 911 2249 4)
947 2206 990 2239 A.
1018 2203 1123 2238 1086.
1157 2204 1434 2248 quadragesima
1466 2205 1603 2248 incepit
1627 2204 1734 2237 Febr.
1761 2203 1820 2237 16.

327 2254 363 2295 5)
387 2254 441 2287 Cf.
467 2253 641 2287 Bernoldi
668 2253 749 2287 Chr.
775 2265 811 2298 p.
838 2254 930 2296 4443
965 2253 1116 2297 Stumpf,
1142 2254 1233 2296 Reg.
1261 2252 1378 2292 2885;
1410 2253 1503 2286 Anu.
1529 2253 1700 2296 August-3
1728 2251 1822 2286 Con·

325 2304 390 2336 tin.
409 2304 442 2336 2.
461 2303 633 2343 Mariani3
661 2303 804 2346 sigeb.;
831 2303 971 2336 Ekkeh.
991 2303 1073 2335 Chr.
1121 2303 1177 2335 Ex
1201 2302 1256 2335 his
1283 2302 1447 2335 omnibus
1473 2305 1635 2345 apparet,
1661 2301 1822 2336 Saxones
1872 2319 1878 2323 >

327 2351 506 2385 studuisse
539 2351 756 2385 Alberonem
791 2353 828 2385 in
863 2353 1107 2396 episcopatum
1141 2352 1328 2384 restituere
1363 2352 1511 2393 eiusque
1544 2351 1597 2384 rei
1623 2360 1734 2384 eausa
1757 2360 1824 2384 sua
1875 2352 1878 2389 ἶ

328 2404 455 2443 sponte
483 2403 583 2433 extra
608 2399 697 2434 fines
723 2402 931 2444 provinciae
957 2401 1163 2443 imperatori
1189 2399 1323 2432 bellum
1349 2399 1513 2432 intulisse
1540 2403 1576 2432 et
1595 2409 1675 2432 cum
1693 2399 1822 2432 Suevis
1874 2418 1878 2438 ;

329 2459 367 2482 se
395 2449 632 2483 coniunxisse.
734 2450 771 2491 5)
798 2449 880 2483 Huc
906 2449 1026 2482 omnia
1051 2451 1218 2491 spectant
1243 2458 1335 2490 quae
1362 2447 1582 2481 Waltramus
1607 2446 1657 2491 (c.
1686 2446 1748 2491 16)
1777 2448 1822 2481 de
1870 2443 1878 2488 1

328 2497 549 2530 Herimanno
584 2501 620 2530 et
654 2497 698 2530 de
733 2509 854 2541 pugna
886 2499 924 2530 in
954 2498 1103 2530 circuitu
1140 2497 1298 2530 civitatis
1327 2496 1629 2539 wirziburgensis
1672 2495 1822 2530 dixerat.
1870 2489 1878 2560 i

330 2546 368 2587 6)
405 2546 484 2578 Hac
519 2547 556 2578 in
590 2556 630 2579 re
667 2546 825 2579 dilucide
859 2547 1029 2590 cognosci
1063 2549 1191 2589 potest,
1227 2546 1306 2588 quis
1331 2546 1543 2588 scriptorum
1569 2544 1667 2578 illius
1693 2545 1822 2578 aetatis
1870 2561 1878 2594 ἰ

328 2595 553 2637 imperatoris
579 2598 698 2637 partes
724 2599 904 2639 sequatur,
931 2596 1010 2638 quis
1037 2594 1081 2627 ab
1113 2594 1327 2627 adversariis
1361 2595 1437 2627 eius
1463 2598 1545 2628 stet.
1595 2594 1687 2627 Nam
1722 2604 1821 2626 acer·
1870 2595 1878 2655 ἲ

329 2643 408 2676 rimi
446 2642 610 2676 vindices
651 2654 782 2677 causae
817 2643 1072 2686 Gregorianae,
1106 2647 1146 2676 ut
1182 2642 1383 2676 Bernoldus
1411 2646 1447 2675 et
1480 2642 1566 2676 Chr.
1601 2643 1822 2683 Petershus.,
1864 2658 1878 2686 A

330 2691 473 2726 silentio
511 2702 582 2724 non
621 2691 735 2725 solum
774 2692 958 2736 perfidiam
992 2693 1168 2725 sociorum
1200 2695 1439 2735 praetereunt,
1473 2691 1538 2725 sed
1573 2692 1680 2725 etiam
1714 2690 1821 2735 paulo
1870 2693 1878 2739 ζ

330 2744 412 2784 post
447 2744 696 2784 recuperatam
729 2742 852 2774 urbem
879 2742 1102 2783 wirziburg-3
1136 2740 1373 2774 Ekkehardus
1399 2740 1489 2773 illud
1514 2750 1585 2773 non
1611 2739 1732 2781 tradit,
1757 2738 1823 2773 sed
1870 2745 1878 2778 ,ᾖ

330 2793 514 2833 receptam
534 2799 612 2822 esse
629 2790 752 2829 urbem
772 2794 1044 2831 commemorat;
1067 2790 1158 2822 Ann.
1178 2790 1327 2832 August.
1348 2789 1489 2823 dicunt:
1516 2788 1688 2823 exercitus
1707 2791 1823 2822 autem
1868 2779 1878 2854 ³

332 2838 390 2871 sui
407 2849 499 2881 pars
523 2837 681 2870 maxima
705 2839 834 2881 statim,
861 2843 979 2872 utrum
996 2838 1140 2872 consilio
1163 2850 1211 2871 αη
1227 2838 1387 2882 ἱῃηαυία,
1413 2837 1562 2881 turpiter
1586 2841 1686 2881 terqa
1701 2835 1834 2876 varein·
1856 2862 1878 2885 ξ

333 2889 484 2931 scriptor
503 2888 548 2921 V.
574 2887 724 2920 Hem-ici
751 2888 799 2930 (c.
818 2889 855 2930 4)
883 2891 1012 2928 narrat,
1038 2887 1227 2921 nonnullos
1255 2888 1395 2931 equites
1422 2889 1544 2931 regiae
1569 2887 1680 2931 partis
1705 2885 1822 2919 subito
1856 2882 1878 2926 -j

333 2936 500 2970 mercede
528 2935 723 2971 conductos
750 2948 849 2971 arma
874 2938 910 2969 in
936 2947 1058 2980 regem
1084 2938 1199 2981 ipsum
1226 2937 1387 2970 vertisse.
1871 2931 1878 2950 ³
