<?xml version="1.0" encoding="UTF-8"?>
<!DOCTYPE html PUBLIC "-//W3C//DTD XHTML 1.0 Transitional//EN"
    "http://www.w3.org/TR/xhtml1/DTD/xhtml1-transitional.dtd">
<html xmlns="http://www.w3.org/1999/xhtml" xml:lang="en" lang="en">
 <head>
  <title>
</title>
<meta http-equiv="Content-Type" content="text/html;charset=utf-8" />
  <meta name='ocr-system' content='tesseract 3.04.00' />
  <meta name='ocr-capabilities' content='ocr_page ocr_carea ocr_par ocr_line ocrx_word'/>
</head>
<body>
  <div class='ocr_page' id='page_1' title='image "./waltramiutvidetu00walruoft_0082.png"; bbox 0 0 1878 3308; ppageno 0'>
   <div class='ocr_carea' id='block_1_1' title="bbox 89 384 266 418">
    <p class='ocr_par' dir='ltr' id='par_1_1' title="bbox 89 384 266 418">
     <span class='ocr_line' id='line_1_1' title="bbox 89 384 266 418; baseline -0.011 -7"><span class='ocrx_word' id='word_1_1' title='bbox 89 384 143 412; x_wconf 73' lang='lat' dir='ltr'><em>Pe.</em></span> <span class='ocrx_word' id='word_1_2' title='bbox 156 384 204 418; x_wconf 76' lang='lat'><em>84,</em></span> <span class='ocrx_word' id='word_1_3' title='bbox 219 384 266 410; x_wconf 84' lang='lat'><em>11.</em></span> 
     </span>
    </p>
   </div>
   <div class='ocr_carea' id='block_1_2' title="bbox 79 552 267 586">
    <p class='ocr_par' dir='ltr' id='par_1_2' title="bbox 79 552 267 586">
     <span class='ocr_line' id='line_1_2' title="bbox 79 552 267 586; baseline 0 -7"><span class='ocrx_word' id='word_1_4' title='bbox 79 552 147 579; x_wconf 82' lang='grc' dir='ltr'><strong>ιοιι.</strong></span> <span class='ocrx_word' id='word_1_5' title='bbox 161 552 209 586; x_wconf 80' lang='lat'><em>16,</em></span> <span class='ocrx_word' id='word_1_6' title='bbox 220 552 267 579; x_wconf 83' lang='lat' dir='ltr'><em>ss.</em></span> 
     </span>
    </p>
   </div>
   <div class='ocr_carea' id='block_1_3' title="bbox 78 2176 265 2206">
    <p class='ocr_par' dir='ltr' id='par_1_3' title="bbox 78 2176 265 2206">
     <span class='ocr_line' id='line_1_3' title="bbox 78 2176 265 2206; baseline -0.011 -2"><span class='ocrx_word' id='word_1_7' title='bbox 78 2176 169 2206; x_wconf 78' lang='lat' dir='ltr'><em>Rom.</em></span> <span class='ocrx_word' id='word_1_8' title='bbox 182 2177 226 2203; x_wconf 79' lang='lat'><em>13.</em></span> <span class='ocrx_word' id='word_1_9' title='bbox 237 2176 265 2202; x_wconf 82' lang='lat'><em>4.</em></span> 
     </span>
    </p>
   </div>
   <div class='ocr_carea' id='block_1_4' title="bbox 279 255 1540 293">
    <p class='ocr_par' dir='ltr' id='par_1_4' title="bbox 279 255 1540 293">
     <span class='ocr_line' id='line_1_4' title="bbox 279 255 1540 293; baseline -0.001 -1"><span class='ocrx_word' id='word_1_10' title='bbox 279 259 325 293; x_wconf 82' lang='lat'><em>56</em></span> <span class='ocrx_word' id='word_1_11' title='bbox 539 258 606 291; x_wconf 85' lang='lat' dir='ltr'><em>DE</em></span> <span class='ocrx_word' id='word_1_12' title='bbox 632 256 844 292; x_wconf 78' lang='lat' dir='ltr'>UNITATE</span> <span class='ocrx_word' id='word_1_13' title='bbox 871 255 1144 290; x_wconf 78' lang='lat' dir='ltr'>ECCLESIAE</span> <span class='ocrx_word' id='word_1_14' title='bbox 1172 255 1540 291; x_wconf 83' lang='lat' dir='ltr'>CONSERVANDA.</span> 
     </span>
    </p>
   </div>
   <div class='ocr_carea' id='block_1_5' title="bbox 279 368 1795 1089">
    <p class='ocr_par' dir='ltr' id='par_1_5' title="bbox 279 368 1795 1089">
     <span class='ocr_line' id='line_1_5' title="bbox 280 368 1775 428; baseline -0.001 -15"><span class='ocrx_word' id='word_1_15' title='bbox 280 371 484 428; x_wconf 83' lang='lat' dir='ltr'><em>quoniam</em></span> <span class='ocrx_word' id='word_1_16' title='bbox 512 371 686 413; x_wconf 85' lang='lat' dir='ltr'><em>iustitia</em></span> <span class='ocrx_word' id='word_1_17' title='bbox 717 376 755 411; x_wconf 86' lang='lat' dir='ltr'><em>et</em></span> <span class='ocrx_word' id='word_1_18' title='bbox 777 383 878 424; x_wconf 77' lang='lat' dir='ltr'><em>paae</em></span> <span class='ocrx_word' id='word_1_19' title='bbox 909 368 1127 411; x_wconf 86' lang='lat' dir='ltr'><em>osculatae</em></span> <span class='ocrx_word' id='word_1_20' title='bbox 1155 376 1255 411; x_wconf 85' lang='lat' dir='ltr'><em>sunt</em></span> <span class='ocrx_word' id='word_1_21' title='bbox 1285 385 1342 422; x_wconf 87' lang='lat' dir='ltr'><em>se,</em></span> <span class='ocrx_word' id='word_1_22' title='bbox 1380 370 1492 413; x_wconf 87' lang='lat' dir='ltr'><em>sicut</em></span> <span class='ocrx_word' id='word_1_23' title='bbox 1529 369 1636 412; x_wconf 91' lang='lat' dir='ltr'><em>dicit</em></span> <span class='ocrx_word' id='word_1_24' title='bbox 1664 370 1775 427; x_wconf 82' lang='lat' dir='ltr'><em>psal-</em></span> 
     </span>
     <span class='ocr_line' id='line_1_6' title="bbox 279 424 1778 484; baseline -0.001 -14"><span class='ocrx_word' id='word_1_25' title='bbox 279 425 420 470; x_wconf 88' lang='lat' dir='ltr'><em>mista.</em></span> <span class='ocrx_word' id='word_1_26' title='bbox 483 425 603 469; x_wconf 84' lang='lat' dir='ltr'><strong>Unde</strong></span> <span class='ocrx_word' id='word_1_27' title='bbox 640 426 746 482; x_wconf 90' lang='lat' dir='ltr'><em>ipse,</em></span> <span class='ocrx_word' id='word_1_28' title='bbox 776 426 850 481; x_wconf 89' lang='lat' dir='ltr'><em>qui</em></span> <span class='ocrx_word' id='word_1_29' title='bbox 889 431 954 467; x_wconf 88' lang='lat' dir='ltr'><em>est</em></span> <span class='ocrx_word' id='word_1_30' title='bbox 990 439 1079 481; x_wconf 85' lang='lat' dir='ltr'><em>pax</em></span> <span class='ocrx_word' id='word_1_31' title='bbox 1114 430 1272 479; x_wconf 88' lang='lat' dir='ltr'><em>nostra,</em></span> <span class='ocrx_word' id='word_1_32' title='bbox 1311 424 1508 468; x_wconf 86' lang='lat' dir='ltr'><em>Christus</em></span> <span class='ocrx_word' id='word_1_33' title='bbox 1544 425 1648 470; x_wconf 89' lang='lat' dir='ltr'><em>dicit</em></span> <span class='ocrx_word' id='word_1_34' title='bbox 1679 432 1778 484; x_wconf 88' lang='lat' dir='ltr'><em>post</em></span> 
     </span>
     <span class='ocr_line' id='line_1_7' title="bbox 281 480 1777 536; baseline -0.001 -10"><span class='ocrx_word' id='word_1_35' title='bbox 281 483 509 526; x_wconf 85' lang='lat' dir='ltr'><em>salutarem</em></span> <span class='ocrx_word' id='word_1_36' title='bbox 541 482 779 524; x_wconf 81' lang='lat' dir='ltr'>doctrinam</span> <span class='ocrx_word' id='word_1_37' title='bbox 809 480 1088 523; x_wconf 88' lang='lat' dir='ltr'><em>institutionis</em></span> <span class='ocrx_word' id='word_1_38' title='bbox 1117 481 1405 536; x_wconf 84' lang='lat' dir='ltr'><em>euangelicae,</em></span> <span class='ocrx_word' id='word_1_39' title='bbox 1435 482 1506 525; x_wconf 90' lang='lat' dir='ltr'><em>cui</em></span> <span class='ocrx_word' id='word_1_40' title='bbox 1524 483 1684 525; x_wconf 89' lang='lat' dir='ltr'><em>iustum</em></span> <span class='ocrx_word' id='word_1_41' title='bbox 1711 489 1777 525; x_wconf 91' lang='lat' dir='ltr'><em>est</em></span> 
     </span>
     <span class='ocr_line' id='line_1_8' title="bbox 281 537 1774 593; baseline 0 -11"><span class='ocrx_word' id='word_1_42' title='bbox 281 539 478 582; x_wconf 89' lang='lat' dir='ltr'><em>obedire:</em></span> <span class='ocrx_word' id='word_1_43' title='bbox 518 539 640 581; x_wconf 87' lang='lat' dir='ltr'><em>Haec</em></span> <span class='ocrx_word' id='word_1_44' title='bbox 671 538 839 580; x_wconf 86' lang='lat' dir='ltr'><em>locutus</em></span> <span class='ocrx_word' id='word_1_45' title='bbox 869 553 962 579; x_wconf 87' lang='lat' dir='ltr'><em>sum</em></span> <span class='ocrx_word' id='word_1_46' title='bbox 991 537 1122 590; x_wconf 87' lang='lat' dir='ltr'><em>vobis,</em></span> <span class='ocrx_word' id='word_1_47' title='bbox 1152 543 1200 579; x_wconf 84' lang='lat' dir='ltr'><em>ut</em></span> <span class='ocrx_word' id='word_1_48' title='bbox 1226 539 1275 580; x_wconf 90' lang='lat' dir='ltr'><em>in</em></span> <span class='ocrx_word' id='word_1_49' title='bbox 1295 553 1359 580; x_wconf 86' lang='lat' dir='ltr'><em>me</em></span> <span class='ocrx_word' id='word_1_50' title='bbox 1376 553 1534 593; x_wconf 79' lang='lat' dir='ltr'><em>pacem</em></span> <span class='ocrx_word' id='word_1_51' title='bbox 1563 539 1774 582; x_wconf 78' lang='lat' dir='ltr'><em>habeatis.</em></span> 
     </span>
     <span class='ocr_line' id='line_1_9' title="bbox 280 592 1795 650; baseline -0.001 -10"><span class='ocrx_word' id='word_1_52' title='bbox 280 605 431 650; x_wconf 75' lang='lat' dir='ltr'><em>Propter</em></span> <span class='ocrx_word' id='word_1_53' title='bbox 448 605 543 648; x_wconf 75' lang='lat' dir='ltr'><em>quod</em></span> <span class='ocrx_word' id='word_1_54' title='bbox 560 595 688 648; x_wconf 89' lang='lat' dir='ltr'><em>enim,</em></span> <span class='ocrx_word' id='word_1_55' title='bbox 709 594 819 636; x_wconf 89' lang='lat' dir='ltr'><em>sicut</em></span> <span class='ocrx_word' id='word_1_56' title='bbox 837 599 1061 636; x_wconf 87' lang='lat' dir='ltr'><em>attestatur</em></span> <span class='ocrx_word' id='word_1_57' title='bbox 1077 592 1345 649; x_wconf 83' lang='lat' dir='ltr'>Augustinus</span> <span class='ocrx_word' id='word_1_58' title='bbox 1360 602 1388 647; x_wconf 86' lang='lat'><em>¹,</em></span> <span class='ocrx_word' id='word_1_59' title='bbox 1407 610 1515 639; x_wconf 79' lang='lat' dir='ltr'><em>totam</em></span> <span class='ocrx_word' id='word_1_60' title='bbox 1533 605 1662 649; x_wconf 66' lang='lat' dir='ltr'><em>agitur,</em></span> <span class='ocrx_word' id='word_1_61' title='bbox 1681 606 1795 650; x_wconf 42' lang='lat' dir='ltr'><em>quod*</em></span> 
     </span>
     <span class='ocr_line' id='line_1_10' title="bbox 281 651 1777 697; baseline 0 -9"><span class='ocrx_word' id='word_1_62' title='bbox 281 654 466 689; x_wconf 76' lang='lat' dir='ltr'><em>christiani</em></span> <span class='ocrx_word' id='word_1_63' title='bbox 498 665 629 696; x_wconf 85' lang='lat' dir='ltr'><em>sumus,</em></span> <span class='ocrx_word' id='word_1_64' title='bbox 662 652 792 688; x_wconf 78' lang='lat' dir='ltr'><em>scilicet</em></span> <span class='ocrx_word' id='word_1_65' title='bbox 826 659 866 687; x_wconf 86' lang='lat' dir='ltr'><em>ut</em></span> <span class='ocrx_word' id='word_1_66' title='bbox 897 654 935 687; x_wconf 90' lang='lat' dir='ltr'><em>in</em></span> <span class='ocrx_word' id='word_1_67' title='bbox 971 651 1105 687; x_wconf 72' lang='lat' dir='ltr'><em>Christo</em></span> <span class='ocrx_word' id='word_1_68' title='bbox 1134 664 1262 697; x_wconf 77' lang='lat' dir='ltr'><em>pacem</em></span> <span class='ocrx_word' id='word_1_69' title='bbox 1295 653 1498 696; x_wconf 79' lang='lat' dir='ltr'><em>habeamus,</em></span> <span class='ocrx_word' id='word_1_70' title='bbox 1531 659 1564 688; x_wconf 83' lang='lat' dir='ltr'><em>et</em></span> <span class='ocrx_word' id='word_1_71' title='bbox 1594 654 1703 688; x_wconf 80' lang='lat' dir='ltr'><em>simus</em></span> <span class='ocrx_word' id='word_1_72' title='bbox 1737 653 1777 688; x_wconf 83' lang='lat' dir='ltr'><em>in</em></span> 
     </span>
     <span class='ocr_line' id='line_1_11' title="bbox 281 701 1777 747; baseline 0.001 -10"><span class='ocrx_word' id='word_1_73' title='bbox 281 704 418 738; x_wconf 87' lang='lat' dir='ltr'><em>unitate</em></span> <span class='ocrx_word' id='word_1_74' title='bbox 452 704 608 746; x_wconf 67' lang='lat' dir='ltr'><em>corporis</em></span> <span class='ocrx_word' id='word_1_75' title='bbox 647 701 733 737; x_wconf 77' lang='lat' dir='ltr'><em>eius.</em></span> <span class='ocrx_word' id='word_1_76' title='bbox 796 702 898 736; x_wconf 84' lang='lat' dir='ltr'><em>Haec</em></span> <span class='ocrx_word' id='word_1_77' title='bbox 929 703 1021 736; x_wconf 87' lang='lat' dir='ltr'><em>enim</em></span> <span class='ocrx_word' id='word_1_78' title='bbox 1048 714 1128 746; x_wconf 74' lang='lat' dir='ltr'><em>pam</em></span> <span class='ocrx_word' id='word_1_79' title='bbox 1162 714 1232 736; x_wconf 88' lang='lat' dir='ltr'><em>non</em></span> <span class='ocrx_word' id='word_1_80' title='bbox 1265 702 1368 736; x_wconf 74' lang='lat' dir='ltr'><em>habet</em></span> <span class='ocrx_word' id='word_1_81' title='bbox 1391 703 1503 747; x_wconf 84' lang='lat' dir='ltr'><em>finem</em></span> <span class='ocrx_word' id='word_1_82' title='bbox 1533 702 1708 746; x_wconf 75' lang='lat' dir='ltr'><em>temporis,</em></span> <span class='ocrx_word' id='word_1_83' title='bbox 1743 707 1777 738; x_wconf 79' lang='lat' dir='ltr'><em>et</em></span> 
     </span>
     <span class='ocr_line' id='line_1_12' title="bbox 279 750 1778 796; baseline 0.001 -11"><span class='ocrx_word' id='word_1_84' title='bbox 279 751 362 796; x_wconf 81' lang='lat' dir='ltr'><em>ipsa</em></span> <span class='ocrx_word' id='word_1_85' title='bbox 395 752 461 786; x_wconf 85' lang='lat' dir='ltr'><em>erit</em></span> <span class='ocrx_word' id='word_1_86' title='bbox 494 753 606 786; x_wconf 85' lang='lat' dir='ltr'><em>omnis</em></span> <span class='ocrx_word' id='word_1_87' title='bbox 635 752 722 795; x_wconf 79' lang='lat' dir='ltr'><em>piae</em></span> <span class='ocrx_word' id='word_1_88' title='bbox 746 757 886 786; x_wconf 83' lang='lat' dir='ltr'><em>nostrae</em></span> <span class='ocrx_word' id='word_1_89' title='bbox 911 750 1115 785; x_wconf 84' lang='lat' dir='ltr'><em>intentionis</em></span> <span class='ocrx_word' id='word_1_90' title='bbox 1142 751 1359 795; x_wconf 74' lang='lat' dir='ltr'><em>actionisque</em></span> <span class='ocrx_word' id='word_1_91' title='bbox 1374 750 1484 796; x_wconf 80' lang='lat' dir='ltr'><em>finis,·</em></span> <span class='ocrx_word' id='word_1_92' title='bbox 1509 757 1659 796; x_wconf 71' lang='lat' dir='ltr'><em>propter</em></span> <span class='ocrx_word' id='word_1_93' title='bbox 1683 752 1778 787; x_wconf 73' lang='lat' dir='ltr'><em>hanc</em></span> 
     </span>
     <span class='ocr_line' id='line_1_13' title="bbox 281 799 1778 844; baseline 0.001 -10"><span class='ocrx_word' id='word_1_94' title='bbox 281 799 512 834; x_wconf 78' lang='lat' dir='ltr'><em>sacramentis</em></span> <span class='ocrx_word' id='word_1_95' title='bbox 545 800 619 835; x_wconf 84' lang='lat' dir='ltr'><em>eius</em></span> <span class='ocrx_word' id='word_1_96' title='bbox 652 800 854 843; x_wconf 80' lang='lat' dir='ltr'><em>imbuimur,</em></span> <span class='ocrx_word' id='word_1_97' title='bbox 879 806 1029 844; x_wconf 76' lang='lat' dir='ltr'><em>propter</em></span> <span class='ocrx_word' id='word_1_98' title='bbox 1062 801 1154 834; x_wconf 64' lang='lat' dir='ltr'><em>lianc</em></span> <span class='ocrx_word' id='word_1_99' title='bbox 1186 800 1407 834; x_wconf 85' lang='lat' dir='ltr'><em>mirabilibus</em></span> <span class='ocrx_word' id='word_1_100' title='bbox 1442 799 1516 834; x_wconf 85' lang='lat' dir='ltr'><em>eius</em></span> <span class='ocrx_word' id='word_1_101' title='bbox 1551 801 1714 844; x_wconf 80' lang='lat' dir='ltr'><em>operibus</em></span> <span class='ocrx_word' id='word_1_102' title='bbox 1745 805 1778 835; x_wconf 86' lang='lat' dir='ltr'><em>et</em></span> 
     </span>
     <span class='ocr_line' id='line_1_14' title="bbox 282 848 1777 894; baseline 0.001 -12"><span class='ocrx_word' id='word_1_103' title='bbox 282 849 500 884; x_wconf 70' lang='lat' dir='ltr'><em>sermonibus</em></span> <span class='ocrx_word' id='word_1_104' title='bbox 516 848 711 891; x_wconf 85' lang='lat' dir='ltr'><em>erudimur,</em></span> <span class='ocrx_word' id='word_1_105' title='bbox 726 855 874 893; x_wconf 81' lang='lat' dir='ltr'><em>propter</em></span> <span class='ocrx_word' id='word_1_106' title='bbox 892 850 984 883; x_wconf 83' lang='lat' dir='ltr'><em>hanc</em></span> <span class='ocrx_word' id='word_1_107' title='bbox 1002 849 1147 892; x_wconf 75' lang='lat' dir='ltr'><em>spiritus</em></span> <span class='ocrx_word' id='word_1_108' title='bbox 1166 849 1240 883; x_wconf 85' lang='lat' dir='ltr'><em>eius</em></span> <span class='ocrx_word' id='word_1_109' title='bbox 1253 850 1387 893; x_wconf 73' lang='lat' dir='ltr'><em>piynus</em></span> <span class='ocrx_word' id='word_1_110' title='bbox 1406 848 1615 892; x_wconf 80' lang='lat' dir='ltr'><em>accepimus,</em></span> <span class='ocrx_word' id='word_1_111' title='bbox 1624 855 1777 894; x_wconf 75' lang='lat' dir='ltr'><em>propter</em></span> 
     </span>
     <span class='ocr_line' id='line_1_15' title="bbox 282 897 1776 942; baseline 0.001 -11"><span class='ocrx_word' id='word_1_112' title='bbox 282 899 373 932; x_wconf 83' lang='lat' dir='ltr'><em>hanc</em></span> <span class='ocrx_word' id='word_1_113' title='bbox 394 897 433 931; x_wconf 90' lang='lat' dir='ltr'><em>in</em></span> <span class='ocrx_word' id='word_1_114' title='bbox 448 909 527 932; x_wconf 85' lang='lat' dir='ltr'><em>eum</em></span> <span class='ocrx_word' id='word_1_115' title='bbox 544 897 718 932; x_wconf 85' lang='lat' dir='ltr'><em>credimus</em></span> <span class='ocrx_word' id='word_1_116' title='bbox 737 904 769 932; x_wconf 93' lang='lat' dir='ltr'><em>et</em></span> <span class='ocrx_word' id='word_1_117' title='bbox 786 909 967 942; x_wconf 75' lang='lat' dir='ltr'><em>speramus</em></span> <span class='ocrx_word' id='word_1_118' title='bbox 987 904 1018 931; x_wconf 89' lang='lat' dir='ltr'><em>et</em></span> <span class='ocrx_word' id='word_1_119' title='bbox 1038 899 1112 932; x_wconf 85' lang='lat' dir='ltr'><em>eius</em></span> <span class='ocrx_word' id='word_1_120' title='bbox 1135 909 1263 939; x_wconf 85' lang='lat' dir='ltr'><em>amore,</em></span> <span class='ocrx_word' id='word_1_121' title='bbox 1283 904 1454 942; x_wconf 83' lang='lat' dir='ltr'><em>quantum</em></span> <span class='ocrx_word' id='word_1_122' title='bbox 1473 899 1593 939; x_wconf 88' lang='lat' dir='ltr'><em>donat,</em></span> <span class='ocrx_word' id='word_1_123' title='bbox 1612 897 1776 932; x_wconf 84' lang='lat' dir='ltr'><em>accendi-</em></span> 
     </span>
     <span class='ocr_line' id='line_1_16' title="bbox 281 947 1777 991; baseline 0.001 -11"><span class='ocrx_word' id='word_1_124' title='bbox 281 958 371 982; x_wconf 84' lang='lat' dir='ltr'><em>mur.</em></span> <span class='ocrx_word' id='word_1_125' title='bbox 410 947 492 980; x_wconf 79' lang='lat' dir='ltr'><em>Hac</em></span> <span class='ocrx_word' id='word_1_126' title='bbox 506 958 600 990; x_wconf 76' lang='lat' dir='ltr'><em>pace</em></span> <span class='ocrx_word' id='word_1_127' title='bbox 627 947 664 980; x_wconf 86' lang='lat' dir='ltr'><em>in</em></span> <span class='ocrx_word' id='word_1_128' title='bbox 687 947 864 990; x_wconf 81' lang='lat' dir='ltr'><em>pressuris</em></span> <span class='ocrx_word' id='word_1_129' title='bbox 891 947 1048 980; x_wconf 88' lang='lat' dir='ltr'><em>omnibus</em></span> <span class='ocrx_word' id='word_1_130' title='bbox 1077 948 1310 989; x_wconf 78' lang='lat' dir='ltr'><em>consolamur,</em></span> <span class='ocrx_word' id='word_1_131' title='bbox 1338 948 1404 981; x_wconf 80' lang='lat' dir='ltr'><em>hac</em></span> <span class='ocrx_word' id='word_1_132' title='bbox 1417 947 1598 991; x_wconf 83' lang='lat' dir='ltr'><em>pressuris</em></span> <span class='ocrx_word' id='word_1_133' title='bbox 1616 948 1777 981; x_wconf 86' lang='lat' dir='ltr'><em>omnibus</em></span> 
     </span>
     <span class='ocr_line' id='line_1_17' title="bbox 283 995 1778 1040; baseline 0.001 -11"><span class='ocrx_word' id='word_1_134' title='bbox 283 996 486 1035; x_wconf 82' lang='lat' dir='ltr'><em>liberamur,</em></span> <span class='ocrx_word' id='word_1_135' title='bbox 510 1001 660 1039; x_wconf 75' lang='lat' dir='ltr'><em>propter</em></span> <span class='ocrx_word' id='word_1_136' title='bbox 686 996 778 1030; x_wconf 78' lang='lat' dir='ltr'><em>hanc</em></span> <span class='ocrx_word' id='word_1_137' title='bbox 804 1006 937 1029; x_wconf 85' lang='lat' dir='ltr'><em>omnem</em></span> <span class='ocrx_word' id='word_1_138' title='bbox 963 995 1221 1030; x_wconf 76' lang='lat' dir='ltr'><em>tribulationem</em></span> <span class='ocrx_word' id='word_1_139' title='bbox 1237 996 1386 1040; x_wconf 80' lang='lat' dir='ltr'><em>fortiter</em></span> <span class='ocrx_word' id='word_1_140' title='bbox 1414 997 1640 1038; x_wconf 70' lang='lat' dir='ltr'><em>sustinemus,</em></span> <span class='ocrx_word' id='word_1_141' title='bbox 1671 1002 1710 1029; x_wconf 90' lang='lat' dir='ltr'><em>ut</em></span> <span class='ocrx_word' id='word_1_142' title='bbox 1737 995 1778 1030; x_wconf 85' lang='lat' dir='ltr'><em>in</em></span> 
     </span>
     <span class='ocr_line' id='line_1_18' title="bbox 282 1044 1778 1089; baseline 0 -11"><span class='ocrx_word' id='word_1_143' title='bbox 282 1045 349 1079; x_wconf 76' lang='lat' dir='ltr'><em>hac</em></span> <span class='ocrx_word' id='word_1_144' title='bbox 363 1044 522 1088; x_wconf 83' lang='lat' dir='ltr'><em>feliciter</em></span> <span class='ocrx_word' id='word_1_145' title='bbox 556 1045 631 1079; x_wconf 88' lang='lat' dir='ltr'><em>sine</em></span> <span class='ocrx_word' id='word_1_146' title='bbox 662 1045 740 1078; x_wconf 84' lang='lat' dir='ltr'><em>ulla</em></span> <span class='ocrx_word' id='word_1_147' title='bbox 774 1045 999 1078; x_wconf 77' lang='lat' dir='ltr'><em>tribulatione</em></span> <span class='ocrx_word' id='word_1_148' title='bbox 1029 1056 1223 1089; x_wconf 64' lang='lat' dir='ltr'><em>regnemus.</em></span> <span class='ocrx_word' id='word_1_149' title='bbox 1275 1044 1404 1079; x_wconf 79' lang='lat' dir='ltr'><em>Patria</em></span> <span class='ocrx_word' id='word_1_150' title='bbox 1429 1044 1528 1079; x_wconf 83' lang='lat' dir='ltr'><em>enim-</em></span> <span class='ocrx_word' id='word_1_151' title='bbox 1547 1051 1671 1079; x_wconf 82' lang='lat' dir='ltr'><em>nostra</em></span> <span class='ocrx_word' id='word_1_152' title='bbox 1697 1056 1778 1088; x_wconf 70' lang='lat' dir='ltr'><em>pam</em></span> 
     </span>
    </p>
   </div>
   <div class='ocr_carea' id='block_1_6' title="bbox 283 1090 1779 1147">
    <p class='ocr_par' dir='ltr' id='par_1_6' title="bbox 283 1090 1779 1147">
     <span class='ocr_line' id='line_1_19' title="bbox 283 1090 1779 1147; baseline -0.001 -14"><span class='ocrx_word' id='word_1_153' title='bbox 283 1104 345 1141; x_wconf 86' lang='lat' dir='ltr'><em>est,</em></span> <span class='ocrx_word' id='word_1_154' title='bbox 373 1105 404 1133; x_wconf 88' lang='lat' dir='ltr'><em>et</em></span> <span class='ocrx_word' id='word_1_155' title='bbox 430 1098 608 1133; x_wconf 77' lang='lat' dir='ltr'><em>hereditas</em></span> <span class='ocrx_word' id='word_1_156' title='bbox 634 1106 758 1133; x_wconf 85' lang='lat' dir='ltr'><em>nostra</em></span> <span class='ocrx_word' id='word_1_157' title='bbox 784 1111 864 1143; x_wconf 76' lang='lat' dir='ltr'><em>pax</em></span> <span class='ocrx_word' id='word_1_158' title='bbox 891 1106 952 1134; x_wconf 84' lang='lat' dir='ltr'><em>est.</em></span> <span class='ocrx_word' id='word_1_159' title='bbox 1003 1099 1072 1133; x_wconf 87' lang='lat' dir='ltr'><em>Per</em></span> <span class='ocrx_word' id='word_1_160' title='bbox 1098 1100 1202 1142; x_wconf 81' lang='lat' dir='ltr'><em>lzanc,</em></span> <span class='ocrx_word' id='word_1_161' title='bbox 1231 1090 1399 1147; x_wconf 74' lang='lat' dir='ltr'><em>inquit²</em></span> <span class='ocrx_word' id='word_1_162' title='bbox 1429 1090 1545 1133; x_wconf 82' lang='lat' dir='ltr'><em>idem</em></span> <span class='ocrx_word' id='word_1_163' title='bbox 1574 1090 1779 1146; x_wconf 80' lang='lat' dir='ltr'><em>Augusti-</em></span> 
     </span>
    </p>
   </div>
   <div class='ocr_carea' id='block_1_7' title="bbox 271 1145 1779 1548">
    <p class='ocr_par' dir='ltr' id='par_1_7' title="bbox 271 1145 1779 1548">
     <span class='ocr_line' id='line_1_20' title="bbox 280 1145 1779 1201; baseline 0.003 -15"><span class='ocrx_word' id='word_1_164' title='bbox 280 1158 361 1186; x_wconf 83' lang='lat' dir='ltr'><em>nus</em></span> <span class='ocrx_word' id='word_1_165' title='bbox 401 1145 643 1201; x_wconf 81' lang='lat' dir='ltr'><em>episcopus,</em></span> <span class='ocrx_word' id='word_1_166' title='bbox 685 1167 747 1190; x_wconf 81' lang='lat' dir='ltr'><em>vos</em></span> <span class='ocrx_word' id='word_1_167' title='bbox 780 1155 989 1197; x_wconf 86' lang='lat' dir='ltr'><em>salutamus,</em></span> <span class='ocrx_word' id='word_1_168' title='bbox 1022 1155 1116 1189; x_wconf 80' lang='lat' dir='ltr'><em>hanc</em></span> <span class='ocrx_word' id='word_1_169' title='bbox 1147 1155 1243 1189; x_wconf 82' lang='lat' dir='ltr'><em>vobis</em></span> <span class='ocrx_word' id='word_1_170' title='bbox 1276 1155 1541 1191; x_wconf 84' lang='lat' dir='ltr'><em>annuntiamus.</em></span> <span class='ocrx_word' id='word_1_171' title='bbox 1597 1156 1668 1191; x_wconf 85' lang='lat' dir='ltr'><em>Sed</em></span> <span class='ocrx_word' id='word_1_172' title='bbox 1697 1157 1779 1191; x_wconf 86' lang='lat' dir='ltr'><em>ode-</em></span> 
     </span>
     <span class='ocr_line' id='line_1_21' title="bbox 281 1203 1777 1249; baseline 0.001 -12"><span class='ocrx_word' id='word_1_173' title='bbox 281 1209 366 1237; x_wconf 86' lang='lat' dir='ltr'><em>runt</em></span> <span class='ocrx_word' id='word_1_174' title='bbox 393 1204 633 1247; x_wconf 81' lang='lat' dir='ltr'><em>Hierusalem,</em></span> <span class='ocrx_word' id='word_1_175' title='bbox 659 1204 721 1248; x_wconf 76' lang='lat' dir='ltr'><em>qui</em></span> <span class='ocrx_word' id='word_1_176' title='bbox 751 1204 900 1238; x_wconf 86' lang='lat' dir='ltr'><em>oderunt</em></span> <span class='ocrx_word' id='word_1_177' title='bbox 924 1215 1061 1247; x_wconf 80' lang='lat' dir='ltr'><em>pacem,</em></span> <span class='ocrx_word' id='word_1_178' title='bbox 1088 1203 1150 1247; x_wconf 80' lang='lat' dir='ltr'><em>qui</em></span> <span class='ocrx_word' id='word_1_179' title='bbox 1180 1205 1412 1239; x_wconf 82' lang='lat' dir='ltr'><em>conscindunt</em></span> <span class='ocrx_word' id='word_1_180' title='bbox 1440 1205 1621 1246; x_wconf 81' lang='lat' dir='ltr'><em>unitatem,</em></span> <span class='ocrx_word' id='word_1_181' title='bbox 1649 1205 1777 1249; x_wconf 81' lang='lat' dir='ltr'><em>quibus</em></span> 
     </span>
     <span class='ocr_line' id='line_1_22' title="bbox 271 1252 1777 1297; baseline 0.002 -11"><span class='ocrx_word' id='word_1_182' title='bbox 271 1253 375 1297; x_wconf 86' lang='lat' dir='ltr'><em>falso</em></span> <span class='ocrx_word' id='word_1_183' title='bbox 395 1265 522 1296; x_wconf 76' lang='lat' dir='ltr'><em>pacem</em></span> <span class='ocrx_word' id='word_1_184' title='bbox 534 1252 853 1297; x_wconf 74' lang='lat' dir='ltr'><em>pronuntiantibus</em></span> <span class='ocrx_word' id='word_1_185' title='bbox 869 1253 1002 1296; x_wconf 80' lang='lat' dir='ltr'><em>populo</em></span> <span class='ocrx_word' id='word_1_186' title='bbox 1019 1253 1262 1296; x_wconf 79' lang='lat' dir='ltr'><em>respondetur,</em></span> <span class='ocrx_word' id='word_1_187' title='bbox 1290 1266 1367 1287; x_wconf 87' lang='lat' dir='ltr'><em>cum</em></span> <span class='ocrx_word' id='word_1_188' title='bbox 1388 1254 1544 1289; x_wconf 75' lang='lat' dir='ltr'><em>dixerint</em></span> <span class='ocrx_word' id='word_1_189' title='bbox 1560 1255 1646 1297; x_wconf 73' lang='lat' dir='ltr'><em>‘pax</em></span> <span class='ocrx_word' id='word_1_190' title='bbox 1662 1255 1777 1289; x_wconf 79' lang='lat' dir='ltr'><em>vobis-</em></span> 
     </span>
     <span class='ocr_line' id='line_1_23' title="bbox 282 1298 1776 1355; baseline 0.001 -14"><span class='ocrx_word' id='word_1_191' title='bbox 282 1306 382 1348; x_wconf 85' lang='lat' dir='ltr'><em>cum’,</em></span> <span class='ocrx_word' id='word_1_192' title='bbox 402 1310 445 1342; x_wconf 91' lang='lat' dir='ltr'><em>‘et</em></span> <span class='ocrx_word' id='word_1_193' title='bbox 462 1320 539 1342; x_wconf 84' lang='lat' dir='ltr'><em>cum</em></span> <span class='ocrx_word' id='word_1_194' title='bbox 557 1309 686 1353; x_wconf 81' lang='lat' dir='ltr'><em>spiritu</em></span> <span class='ocrx_word' id='word_1_195' title='bbox 701 1306 785 1348; x_wconf 83' lang='lat' dir='ltr'><em>tuo&#39;‚·</em></span> <span class='ocrx_word' id='word_1_196' title='bbox 802 1307 943 1352; x_wconf 87' lang='lat' dir='ltr'><em>falsum</em></span> <span class='ocrx_word' id='word_1_197' title='bbox 961 1307 1065 1350; x_wconf 89' lang='lat' dir='ltr'><em>enim,</em></span> <span class='ocrx_word' id='word_1_198' title='bbox 1092 1298 1242 1355; x_wconf 75' lang='lat' dir='ltr'><em>inquit,</em></span> <span class='ocrx_word' id='word_1_199' title='bbox 1269 1308 1392 1343; x_wconf 85' lang='lat' dir='ltr'><em>dicunt</em></span> <span class='ocrx_word' id='word_1_200' title='bbox 1411 1315 1442 1344; x_wconf 85' lang='lat' dir='ltr'><em>et</em></span> <span class='ocrx_word' id='word_1_201' title='bbox 1450 1310 1592 1352; x_wconf 85' lang='lat' dir='ltr'><em>falswm</em></span> <span class='ocrx_word' id='word_1_202' title='bbox 1610 1310 1776 1344; x_wconf 81' lang='lat' dir='ltr'><em>audiunt.</em></span> 
     </span>
     <span class='ocr_line' id='line_1_24' title="bbox 287 1355 1778 1402; baseline 0.002 -13"><span class='ocrx_word' id='word_1_203' title='bbox 287 1355 420 1397; x_wconf 81' lang='lat' dir='ltr'><em>Quibus</em></span> <span class='ocrx_word' id='word_1_204' title='bbox 446 1357 569 1391; x_wconf 85' lang='lat' dir='ltr'><em>dicunt</em></span> <span class='ocrx_word' id='word_1_205' title='bbox 595 1359 681 1402; x_wconf 71' lang='lat' dir='ltr'><em>‘parc</em></span> <span class='ocrx_word' id='word_1_206' title='bbox 706 1357 906 1398; x_wconf 80' lang='lat' dir='ltr'><em>vobiscum’,</em></span> <span class='ocrx_word' id='word_1_207' title='bbox 933 1367 1018 1400; x_wconf 77' lang='lat' dir='ltr'><em>quos</em></span> <span class='ocrx_word' id='word_1_208' title='bbox 1044 1362 1214 1401; x_wconf 79' lang='lat' dir='ltr'><em>separant</em></span> <span class='ocrx_word' id='word_1_209' title='bbox 1246 1370 1269 1391; x_wconf 91' lang='lat' dir='ltr'><em>a</em></span> <span class='ocrx_word' id='word_1_210' title='bbox 1298 1369 1389 1401; x_wconf 81' lang='lat' dir='ltr'><em>pace</em></span> <span class='ocrx_word' id='word_1_211' title='bbox 1423 1358 1517 1392; x_wconf 88' lang='lat' dir='ltr'><em>orbis</em></span> <span class='ocrx_word' id='word_1_212' title='bbox 1543 1365 1720 1392; x_wconf 84' lang='lat' dir='ltr'><em>terrarum</em></span> <span class='ocrx_word' id='word_1_213' title='bbox 1745 1363 1778 1392; x_wconf 91' lang='lat' dir='ltr'><em>et</em></span> 
     </span>
     <span class='ocr_line' id='line_1_25' title="bbox 282 1402 1775 1452; baseline 0.003 -14"><span class='ocrx_word' id='word_1_214' title='bbox 282 1405 408 1449; x_wconf 81' lang='lat' dir='ltr'><em>quibus</em></span> <span class='ocrx_word' id='word_1_215' title='bbox 430 1405 624 1440; x_wconf 63' lang='lat' dir='ltr'><em>dicuntur&amp;</em></span> <span class='ocrx_word' id='word_1_216' title='bbox 652 1408 695 1440; x_wconf 87' lang='lat' dir='ltr'><em>‘et</em></span> <span class='ocrx_word' id='word_1_217' title='bbox 721 1417 799 1439; x_wconf 87' lang='lat' dir='ltr'><em>cum</em></span> <span class='ocrx_word' id='word_1_218' title='bbox 824 1404 953 1449; x_wconf 76' lang='lat' dir='ltr'><em>spiritu</em></span> <span class='ocrx_word' id='word_1_219' title='bbox 978 1402 1090 1439; x_wconf 81' lang='lat' dir='ltr'><em>tuo&#39;b.</em></span> <span class='ocrx_word' id='word_1_220' title='bbox 1143 1405 1184 1440; x_wconf 83' lang='lat' dir='ltr'><em>Si</em></span> <span class='ocrx_word' id='word_1_221' title='bbox 1207 1407 1246 1440; x_wconf 87' lang='lat' dir='ltr'><em>in</em></span> <span class='ocrx_word' id='word_1_222' title='bbox 1271 1405 1399 1450; x_wconf 76' lang='lat' dir='ltr'><em>spiritu</em></span> <span class='ocrx_word' id='word_1_223' title='bbox 1425 1418 1544 1441; x_wconf 87' lang='lat' dir='ltr'><em>eorum</em></span> <span class='ocrx_word' id='word_1_224' title='bbox 1577 1412 1665 1442; x_wconf 84' lang='lat' dir='ltr'><em>esset</em></span> <span class='ocrx_word' id='word_1_225' title='bbox 1689 1419 1775 1452; x_wconf 73' lang='lat' dir='ltr'><em>pax,</em></span> 
     </span>
     <span class='ocr_line' id='line_1_26' title="bbox 282 1453 1777 1500; baseline 0.002 -13"><span class='ocrx_word' id='word_1_226' title='bbox 282 1465 398 1488; x_wconf 86' lang='lat' dir='ltr'><em>nonne</em></span> <span class='ocrx_word' id='word_1_227' title='bbox 432 1454 602 1488; x_wconf 80' lang='lat' dir='ltr'><em>unitatem</em></span> <span class='ocrx_word' id='word_1_228' title='bbox 635 1455 818 1500; x_wconf 74' lang='lat' dir='ltr'><em>diliqerent</em></span> <span class='ocrx_word' id='word_1_229' title='bbox 853 1460 884 1487; x_wconf 90' lang='lat' dir='ltr'><em>et</em></span> <span class='ocrx_word' id='word_1_230' title='bbox 910 1453 1163 1489; x_wconf 80' lang='lat' dir='ltr'><em>dissensionem</em></span> <span class='ocrx_word' id='word_1_231' title='bbox 1189 1455 1496 1499; x_wconf 74' lang='lat' dir='ltr'><em>derelinquerent?</em></span> <span class='ocrx_word' id='word_1_232' title='bbox 1547 1456 1670 1500; x_wconf 75' lang='lat' dir='ltr'><em>Neque</em></span> <span class='ocrx_word' id='word_1_233' title='bbox 1694 1467 1777 1490; x_wconf 85' lang='lat' dir='ltr'><em>vero</em></span> 
     </span>
     <span class='ocr_line' id='line_1_27' title="bbox 276 1502 1779 1548; baseline 0.003 -12"><span class='ocrx_word' id='word_1_234' title='bbox 276 1514 356 1546; x_wconf 65' lang='lat' dir='ltr'><em>parc</em></span> <span class='ocrx_word' id='word_1_235' title='bbox 390 1515 462 1537; x_wconf 88' lang='lat' dir='ltr'><em>esse</em></span> <span class='ocrx_word' id='word_1_236' title='bbox 487 1508 603 1547; x_wconf 81' lang='lat' dir='ltr'><em>potest</em></span> <span class='ocrx_word' id='word_1_237' title='bbox 639 1516 736 1545; x_wconf 86' lang='lat' dir='ltr'><em>vera,</em></span> <span class='ocrx_word' id='word_1_238' title='bbox 772 1502 835 1536; x_wconf 86' lang='lat' dir='ltr'><em>ubi</em></span> <span class='ocrx_word' id='word_1_239' title='bbox 867 1515 939 1536; x_wconf 90' lang='lat' dir='ltr'><em>non</em></span> <span class='ocrx_word' id='word_1_240' title='bbox 971 1509 1020 1537; x_wconf 87' lang='lat' dir='ltr'><em>est</em></span> <span class='ocrx_word' id='word_1_241' title='bbox 1041 1516 1127 1538; x_wconf 85' lang='lat' dir='ltr'><em>vera</em></span> <span class='ocrx_word' id='word_1_242' title='bbox 1153 1505 1352 1546; x_wconf 81' lang='lat' dir='ltr'><em>concordia,</em></span> <span class='ocrx_word' id='word_1_243' title='bbox 1379 1506 1465 1548; x_wconf 82' lang='lat' dir='ltr'><em>quia</em></span> <span class='ocrx_word' id='word_1_244' title='bbox 1490 1503 1670 1540; x_wconf 79' lang='lat' dir='ltr'><em>disiuncta</em></span> <span class='ocrx_word' id='word_1_245' title='bbox 1695 1510 1779 1540; x_wconf 79' lang='lat' dir='ltr'><em>sunt</em></span> 
     </span>
    </p>
   </div>
   <div class='ocr_carea' id='block_1_8' title="bbox 282 1548 1778 1653">
    <p class='ocr_par' dir='ltr' id='par_1_8' title="bbox 282 1548 1778 1653">
     <span class='ocr_line' id='line_1_28' title="bbox 282 1548 1778 1605; baseline 0.002 -14"><span class='ocrx_word' id='word_1_246' title='bbox 282 1559 402 1592; x_wconf 84' lang='lat' dir='ltr'><em>corda.</em></span> <span class='ocrx_word' id='word_1_247' title='bbox 456 1559 638 1599; x_wconf 80' lang='lat' dir='ltr'><em>Quomodo</em></span> <span class='ocrx_word' id='word_1_248' title='bbox 664 1558 766 1601; x_wconf 88' lang='lat' dir='ltr'><em>enim,</em></span> <span class='ocrx_word' id='word_1_249' title='bbox 791 1548 930 1604; x_wconf 76' lang='lat' dir='ltr'><em>inquit</em></span> <span class='ocrx_word' id='word_1_250' title='bbox 941 1554 970 1598; x_wconf 77' lang='lat'><em>³,</em></span> <span class='ocrx_word' id='word_1_251' title='bbox 1001 1570 1141 1593; x_wconf 86' lang='lat' dir='ltr'><em>consors</em></span> <span class='ocrx_word' id='word_1_252' title='bbox 1167 1559 1309 1601; x_wconf 87' lang='lat' dir='ltr'><em>dicitur,</em></span> <span class='ocrx_word' id='word_1_253' title='bbox 1335 1560 1398 1602; x_wconf 80' lang='lat' dir='ltr'><em>qui</em></span> <span class='ocrx_word' id='word_1_254' title='bbox 1422 1565 1549 1594; x_wconf 84' lang='lat' dir='ltr'><em>sortem</em></span> <span class='ocrx_word' id='word_1_255' title='bbox 1572 1560 1698 1605; x_wconf 52' lang='lat' dir='ltr'><em>indicit,</em></span> <span class='ocrx_word' id='word_1_256' title='bbox 1726 1561 1778 1595; x_wconf 84' lang='lat' dir='ltr'><em>ita</em></span> 
     </span>
     <span class='ocr_line' id='line_1_29' title="bbox 282 1606 1169 1653; baseline 0.001 -13"><span class='ocrx_word' id='word_1_257' title='bbox 282 1606 340 1641; x_wconf 88' lang='lat' dir='ltr'><em>ille</em></span> <span class='ocrx_word' id='word_1_258' title='bbox 367 1618 509 1641; x_wconf 88' lang='lat' dir='ltr'><em>concors</em></span> <span class='ocrx_word' id='word_1_259' title='bbox 535 1607 708 1641; x_wconf 86' lang='lat' dir='ltr'><em>dicendus</em></span> <span class='ocrx_word' id='word_1_260' title='bbox 733 1613 793 1649; x_wconf 89' lang='lat' dir='ltr'><em>est,</em></span> <span class='ocrx_word' id='word_1_261' title='bbox 821 1609 884 1651; x_wconf 84' lang='lat' dir='ltr'><em>qui</em></span> <span class='ocrx_word' id='word_1_262' title='bbox 908 1609 1018 1642; x_wconf 86' lang='lat' dir='ltr'><em>corda</em></span> <span class='ocrx_word' id='word_1_263' title='bbox 1043 1609 1169 1653; x_wconf 65' lang='lat' dir='ltr'><em>iungit.</em></span> 
     </span>
    </p>
   </div>
   <div class='ocr_carea' id='block_1_9' title="bbox 281 1652 1780 2607">
    <p class='ocr_par' dir='ltr' id='par_1_9' title="bbox 281 1652 1780 2607">
     <span class='ocr_line' id='line_1_30' title="bbox 387 1652 1777 1709; baseline 0.002 -16"><span class='ocrx_word' id='word_1_264' title='bbox 387 1653 451 1694; x_wconf 88' lang='lat' dir='ltr'><em>ll.</em></span> <span class='ocrx_word' id='word_1_265' title='bbox 483 1652 571 1695; x_wconf 88' lang='lat' dir='ltr'><em>Sed</em></span> <span class='ocrx_word' id='word_1_266' title='bbox 587 1653 673 1694; x_wconf 91' lang='lat' dir='ltr'><em>iam</em></span> <span class='ocrx_word' id='word_1_267' title='bbox 688 1653 802 1695; x_wconf 87' lang='lat' dir='ltr'><em>facta</em></span> <span class='ocrx_word' id='word_1_268' title='bbox 818 1652 1030 1695; x_wconf 87' lang='lat' dir='ltr'><em>divisione</em></span> <span class='ocrx_word' id='word_1_269' title='bbox 1050 1653 1221 1709; x_wconf 86' lang='lat' dir='ltr'><em>imperii</em></span> <span class='ocrx_word' id='word_1_270' title='bbox 1237 1652 1363 1695; x_wconf 87' lang='lat' dir='ltr'><em>simul</em></span> <span class='ocrx_word' id='word_1_271' title='bbox 1384 1661 1426 1696; x_wconf 89' lang='lat' dir='ltr'><em>et</em></span> <span class='ocrx_word' id='word_1_272' title='bbox 1441 1652 1670 1697; x_wconf 89' lang='lat' dir='ltr'><em>sacerdotii</em></span> <span class='ocrx_word' id='word_1_273' title='bbox 1687 1668 1777 1696; x_wconf 91' lang='lat' dir='ltr'><em>sur-</em></span> 
     </span>
     <span class='ocr_line' id='line_1_31' title="bbox 282 1708 1778 1767; baseline 0.003 -19"><span class='ocrx_word' id='word_1_274' title='bbox 282 1708 396 1749; x_wconf 83' lang='lat' dir='ltr'><em>rexit</em></span> <span class='ocrx_word' id='word_1_275' title='bbox 424 1722 502 1750; x_wconf 87' lang='lat' dir='ltr'><em>rex</em></span> <span class='ocrx_word' id='word_1_276' title='bbox 532 1708 741 1750; x_wconf 88' lang='lat' dir='ltr'><em>adversus</em></span> <span class='ocrx_word' id='word_1_277' title='bbox 771 1723 932 1764; x_wconf 88' lang='lat' dir='ltr'><em>regem,</em></span> <span class='ocrx_word' id='word_1_278' title='bbox 960 1723 1066 1764; x_wconf 89' lang='lat' dir='ltr'><em>gens</em></span> <span class='ocrx_word' id='word_1_279' title='bbox 1095 1708 1299 1751; x_wconf 86' lang='lat' dir='ltr'><em>adversus</em></span> <span class='ocrx_word' id='word_1_280' title='bbox 1329 1716 1516 1765; x_wconf 81' lang='lat' dir='ltr'><em>gentem,</em></span> <span class='ocrx_word' id='word_1_281' title='bbox 1546 1711 1778 1767; x_wconf 89' lang='lat' dir='ltr'><em>episcopus</em></span> 
     </span>
     <span class='ocr_line' id='line_1_32' title="bbox 283 1763 1777 1821; baseline 0.003 -16"><span class='ocrx_word' id='word_1_282' title='bbox 283 1768 431 1806; x_wconf 86' lang='lat' dir='ltr'><em>contra</em></span> <span class='ocrx_word' id='word_1_283' title='bbox 445 1764 711 1820; x_wconf 90' lang='lat' dir='ltr'><em>episcopum,</em></span> <span class='ocrx_word' id='word_1_284' title='bbox 726 1779 783 1820; x_wconf 90' lang='lat' dir='ltr'><em>po</em></span> <span class='ocrx_word' id='word_1_285' title='bbox 817 1763 911 1806; x_wconf 90' lang='lat' dir='ltr'><em>ulus</em></span> <span class='ocrx_word' id='word_1_286' title='bbox 928 1769 1077 1807; x_wconf 87' lang='lat' dir='ltr'><em>contra</em></span> <span class='ocrx_word' id='word_1_287' title='bbox 1092 1765 1313 1821; x_wconf 89' lang='lat' dir='ltr'><em>populum.</em></span> <span class='ocrx_word' id='word_1_288' title='bbox 1342 1765 1515 1808; x_wconf 86' lang='lat' dir='ltr'><em>Exinde</em></span> <span class='ocrx_word' id='word_1_289' title='bbox 1526 1780 1628 1810; x_wconf 90' lang='lat' dir='ltr'><em>vero</em></span> <span class='ocrx_word' id='word_1_290' title='bbox 1675 1781 1777 1809; x_wconf 88' lang='lat' dir='ltr'><em>uan-</em></span> 
     </span>
     <span class='ocr_line' id='line_1_33' title="bbox 282 1779 1777 1877; baseline 0.002 -15"><span class='ocrx_word' id='word_1_291' title='bbox 282 1826 350 1862; x_wconf 90' lang='lat' dir='ltr'><em>tae</em></span> <span class='ocrx_word' id='word_1_292' title='bbox 372 1819 524 1863; x_wconf 90' lang='lat' dir='ltr'><em>caedes</em></span> <span class='ocrx_word' id='word_1_293' title='bbox 545 1820 683 1862; x_wconf 86' lang='lat' dir='ltr'><em>factae</em></span> <span class='ocrx_word' id='word_1_294' title='bbox 702 1779 1035 1874; x_wconf 54' lang='lat' dir='ltr'><em>sintlhominum,</em></span> <span class='ocrx_word' id='word_1_295' title='bbox 1057 1829 1241 1877; x_wconf 87' lang='lat' dir='ltr'><em>quantae</em></span> <span class='ocrx_word' id='word_1_296' title='bbox 1257 1820 1566 1866; x_wconf 83' lang='lat' dir='ltr'><em>destructiones</em></span> <span class='ocrx_word' id='word_1_297' title='bbox 1582 1836 1656 1865; x_wconf 89' lang='lat' dir='ltr'><em>ecc</em></span> <span class='ocrx_word' id='word_1_298' title='bbox 1672 1824 1777 1866; x_wconf 87' lang='lat' dir='ltr'><em>esia—</em></span> 
     </span>
     <span class='ocr_line' id='line_1_34' title="bbox 281 1876 1777 1932; baseline 0.003 -15"><span class='ocrx_word' id='word_1_299' title='bbox 281 1891 390 1929; x_wconf 87' lang='lat' dir='ltr'><em>rum,</em></span> <span class='ocrx_word' id='word_1_300' title='bbox 409 1884 570 1932; x_wconf 85' lang='lat' dir='ltr'><em>quanta</em></span> <span class='ocrx_word' id='word_1_301' title='bbox 585 1877 714 1919; x_wconf 89' lang='lat' dir='ltr'><em>etiam</em></span> <span class='ocrx_word' id='word_1_302' title='bbox 729 1891 871 1920; x_wconf 88' lang='lat' dir='ltr'><em>rerum</em></span> <span class='ocrx_word' id='word_1_303' title='bbox 889 1876 1081 1919; x_wconf 90' lang='lat' dir='ltr'><em>confusio</em></span> <span class='ocrx_word' id='word_1_304' title='bbox 1094 1876 1249 1920; x_wconf 88' lang='lat' dir='ltr'><em>exinde</em></span> <span class='ocrx_word' id='word_1_305' title='bbox 1265 1877 1377 1919; x_wconf 85' lang='lat' dir='ltr'><em>facta</em></span> <span class='ocrx_word' id='word_1_306' title='bbox 1388 1879 1443 1920; x_wconf 90' lang='lat' dir='ltr'><em>sit</em></span> <span class='ocrx_word' id='word_1_307' title='bbox 1457 1879 1500 1920; x_wconf 90' lang='lat' dir='ltr'><em>in</em></span> <span class='ocrx_word' id='word_1_308' title='bbox 1517 1880 1633 1923; x_wconf 87' lang='lat' dir='ltr'><em>omni</em></span> <span class='ocrx_word' id='word_1_309' title='bbox 1645 1879 1777 1922; x_wconf 90' lang='lat' dir='ltr'><em>eccle-</em></span> 
     </span>
     <span class='ocr_line' id='line_1_35' title="bbox 282 1932 1780 1992; baseline 0.004 -19"><span class='ocrx_word' id='word_1_310' title='bbox 282 1934 358 1985; x_wconf 87' lang='lat' dir='ltr'><em>sia,</em></span> <span class='ocrx_word' id='word_1_311' title='bbox 380 1932 574 1988; x_wconf 86' lang='lat' dir='ltr'><em>indigere</em></span> <span class='ocrx_word' id='word_1_312' title='bbox 595 1932 766 1976; x_wconf 80' lang='lat' dir='ltr'><em>videtur</em></span> <span class='ocrx_word' id='word_1_313' title='bbox 785 1932 1009 1988; x_wconf 86' lang='lat' dir='ltr'><em>tragoedia</em></span> <span class='ocrx_word' id='word_1_314' title='bbox 1030 1935 1167 1989; x_wconf 89' lang='lat' dir='ltr'><em>magis</em></span> <span class='ocrx_word' id='word_1_315' title='bbox 1189 1948 1317 1990; x_wconf 91' lang='lat' dir='ltr'><em>quam</em></span> <span class='ocrx_word' id='word_1_316' title='bbox 1333 1933 1522 1978; x_wconf 88' lang='lat' dir='ltr'><em>historia.</em></span> <span class='ocrx_word' id='word_1_317' title='bbox 1551 1936 1710 1992; x_wconf 87' lang='lat' dir='ltr'><em>Magno</em></span> <span class='ocrx_word' id='word_1_318' title='bbox 1731 1949 1780 1979; x_wconf 77' lang='lat' dir='ltr'><em>se</em></span> 
     </span>
     <span class='ocr_line' id='line_1_36' title="bbox 281 1988 1779 2046; baseline 0.003 -16"><span class='ocrx_word' id='word_1_319' title='bbox 281 1988 423 2030; x_wconf 90' lang='lat' dir='ltr'><em>iudice</em></span> <span class='ocrx_word' id='word_1_320' title='bbox 446 1989 540 2045; x_wconf 90' lang='lat' dir='ltr'><em>quis</em></span> <span class='ocrx_word' id='word_1_321' title='bbox 574 2004 627 2031; x_wconf 92' lang='lat' dir='ltr'><em>ue</em></span> <span class='ocrx_word' id='word_1_322' title='bbox 651 1994 809 2044; x_wconf 88' lang='lat' dir='ltr'><em>tuetur,</em></span> <span class='ocrx_word' id='word_1_323' title='bbox 831 1988 934 2031; x_wconf 91' lang='lat' dir='ltr'><em>dum</em></span> <span class='ocrx_word' id='word_1_324' title='bbox 953 1995 1134 2046; x_wconf 89' lang='lat' dir='ltr'><em>uterque</em></span> <span class='ocrx_word' id='word_1_325' title='bbox 1154 2004 1232 2032; x_wconf 82' lang='lat' dir='ltr'><em>rex</em></span> <span class='ocrx_word' id='word_1_326' title='bbox 1252 1990 1361 2032; x_wconf 89' lang='lat' dir='ltr'><em>iuste</em></span> <span class='ocrx_word' id='word_1_327' title='bbox 1382 2005 1427 2033; x_wconf 90' lang='lat' dir='ltr'><em>se</em></span> <span class='ocrx_word' id='word_1_328' title='bbox 1447 2006 1568 2033; x_wconf 89' lang='lat' dir='ltr'><em>arma</em></span> <span class='ocrx_word' id='word_1_329' title='bbox 1586 1991 1779 2035; x_wconf 83' lang='lat' dir='ltr'><em>induisse</em></span> 
     </span>
     <span class='ocr_line' id='line_1_37' title="bbox 282 2043 1776 2111; baseline 0.003 -25"><span class='ocrx_word' id='word_1_330' title='bbox 282 2043 527 2099; x_wconf 86' lang='lat' dir='ltr'><em>arbitratur,</em></span> <span class='ocrx_word' id='word_1_331' title='bbox 601 2045 801 2087; x_wconf 83' lang='lat' dir='ltr'><em>enrichus</em></span> <span class='ocrx_word' id='word_1_332' title='bbox 822 2044 999 2100; x_wconf 83' lang='lat' dir='ltr'><em>scilicet,</em></span> <span class='ocrx_word' id='word_1_333' title='bbox 1020 2044 1134 2111; x_wconf 91' lang='lat' dir='ltr'><em>quod</em></span> <span class='ocrx_word' id='word_1_334' title='bbox 1153 2052 1279 2088; x_wconf 86' lang='lat' dir='ltr'><em>natus</em></span> <span class='ocrx_word' id='word_1_335' title='bbox 1304 2053 1345 2089; x_wconf 91' lang='lat' dir='ltr'><em>et</em></span> <span class='ocrx_word' id='word_1_336' title='bbox 1364 2047 1549 2090; x_wconf 84' lang='lat' dir='ltr'><em>nutritus</em></span> <span class='ocrx_word' id='word_1_337' title='bbox 1578 2049 1621 2090; x_wconf 88' lang='lat' dir='ltr'><em>in</em></span> <span class='ocrx_word' id='word_1_338' title='bbox 1643 2062 1776 2105; x_wconf 86' lang='lat' dir='ltr'><em>regno</em></span> 
     </span>
     <span class='ocr_line' id='line_1_38' title="bbox 282 2100 1777 2159; baseline 0.003 -17"><span class='ocrx_word' id='word_1_339' title='bbox 282 2101 561 2144; x_wconf 82' lang='lat' dir='ltr'><em>successisset</em></span> <span class='ocrx_word' id='word_1_340' title='bbox 600 2100 945 2158; x_wconf 87' lang='lat' dir='ltr'><em>progenitoribus</em></span> <span class='ocrx_word' id='word_1_341' title='bbox 983 2116 1072 2144; x_wconf 79' lang='lat' dir='ltr'><em>suls</em></span> <span class='ocrx_word' id='word_1_342' title='bbox 1108 2102 1152 2143; x_wconf 91' lang='lat' dir='ltr'><em>in</em></span> <span class='ocrx_word' id='word_1_343' title='bbox 1189 2116 1371 2159; x_wconf 87' lang='lat' dir='ltr'><em>regnum</em></span> <span class='ocrx_word' id='word_1_344' title='bbox 1409 2118 1464 2145; x_wconf 84' lang='lat' dir='ltr'><em>ex</em></span> <span class='ocrx_word' id='word_1_345' title='bbox 1494 2103 1580 2146; x_wconf 89' lang='lat' dir='ltr'><em>Dei</em></span> <span class='ocrx_word' id='word_1_346' title='bbox 1609 2103 1777 2147; x_wconf 84' lang='lat' dir='ltr'><em>ordina-</em></span> 
     </span>
     <span class='ocr_line' id='line_1_39' title="bbox 281 2157 1777 2215; baseline 0.003 -16"><span class='ocrx_word' id='word_1_347' title='bbox 281 2157 408 2210; x_wconf 89' lang='lat' dir='ltr'><em>tione,</em></span> <span class='ocrx_word' id='word_1_348' title='bbox 430 2172 482 2199; x_wconf 89' lang='lat' dir='ltr'><em>ac</em></span> <span class='ocrx_word' id='word_1_349' title='bbox 502 2157 682 2214; x_wconf 89' lang='lat' dir='ltr'><em>proinde</em></span> <span class='ocrx_word' id='word_1_350' title='bbox 702 2159 939 2214; x_wconf 85' lang='lat' dir='ltr'><em>accepisset</em></span> <span class='ocrx_word' id='word_1_351' title='bbox 957 2158 1080 2200; x_wconf 84' lang='lat' dir='ltr'><em>iuxta</em></span> <span class='ocrx_word' id='word_1_352' title='bbox 1100 2158 1337 2200; x_wconf 87' lang='lat' dir='ltr'><em>doctrinam</em></span> <span class='ocrx_word' id='word_1_353' title='bbox 1358 2159 1540 2215; x_wconf 88' lang='lat' dir='ltr'><em>apostoli</em></span> <span class='ocrx_word' id='word_1_354' title='bbox 1560 2159 1777 2204; x_wconf 88' lang='lat' dir='ltr'><em>vindicem</em></span> 
     </span>
     <span class='ocr_line' id='line_1_40' title="bbox 281 2213 1778 2273; baseline 0.003 -18"><span class='ocrx_word' id='word_1_355' title='bbox 281 2213 474 2269; x_wconf 87' lang='lat' dir='ltr'><em>gladium</em></span> <span class='ocrx_word' id='word_1_356' title='bbox 513 2215 558 2255; x_wconf 92' lang='lat' dir='ltr'><em>in</em></span> <span class='ocrx_word' id='word_1_357' title='bbox 595 2214 751 2270; x_wconf 89' lang='lat' dir='ltr'><em>impios</em></span> <span class='ocrx_word' id='word_1_358' title='bbox 789 2220 919 2271; x_wconf 87' lang='lat' dir='ltr'><em>atque</em></span> <span class='ocrx_word' id='word_1_359' title='bbox 947 2214 1085 2256; x_wconf 89' lang='lat' dir='ltr'><em>iustos</em></span> <span class='ocrx_word' id='word_1_360' title='bbox 1114 2213 1182 2257; x_wconf 89' lang='lat' dir='ltr'><em>vel</em></span> <span class='ocrx_word' id='word_1_361' title='bbox 1210 2214 1416 2257; x_wconf 89' lang='lat' dir='ltr'><em>ecclesiae</em></span> <span class='ocrx_word' id='word_1_362' title='bbox 1446 2215 1516 2258; x_wconf 86' lang='lat' dir='ltr'><em>vel</em></span> <span class='ocrx_word' id='word_1_363' title='bbox 1544 2217 1607 2259; x_wconf 88' lang='lat' dir='ltr'><em>rei</em></span> <span class='ocrx_word' id='word_1_364' title='bbox 1636 2216 1778 2273; x_wconf 90' lang='lat' dir='ltr'><em>publi-</em></span> 
     </span>
     <span class='ocr_line' id='line_1_41' title="bbox 283 2269 1776 2326; baseline 0.002 -15"><span class='ocrx_word' id='word_1_365' title='bbox 283 2283 372 2323; x_wconf 89' lang='lat' dir='ltr'><em>cae,</em></span> <span class='ocrx_word' id='word_1_366' title='bbox 411 2269 622 2312; x_wconf 89' lang='lat' dir='ltr'><em>Rudolfus</em></span> <span class='ocrx_word' id='word_1_367' title='bbox 652 2277 808 2324; x_wconf 88' lang='lat' dir='ltr'><em>autem,</em></span> <span class='ocrx_word' id='word_1_368' title='bbox 851 2270 966 2326; x_wconf 92' lang='lat' dir='ltr'><em>quod</em></span> <span class='ocrx_word' id='word_1_369' title='bbox 1004 2269 1208 2313; x_wconf 89' lang='lat' dir='ltr'><em>obediens</em></span> <span class='ocrx_word' id='word_1_370' title='bbox 1238 2285 1331 2314; x_wconf 88' lang='lat' dir='ltr'><em>esse</em></span> <span class='ocrx_word' id='word_1_371' title='bbox 1369 2270 1544 2314; x_wconf 89' lang='lat' dir='ltr'><em>deberet</em></span> <span class='ocrx_word' id='word_1_372' title='bbox 1614 2273 1776 2314; x_wconf 90' lang='lat' dir='ltr'><em>ontifici</em></span> 
     </span>
     <span class='ocr_line' id='line_1_42' title="bbox 282 2325 1779 2383; baseline 0.003 -16"><span class='ocrx_word' id='word_1_373' title='bbox 282 2325 395 2368; x_wconf 86' lang='lat' dir='ltr'><em>sedis</em></span> <span class='ocrx_word' id='word_1_374' title='bbox 425 2326 700 2382; x_wconf 88' lang='lat' dir='ltr'><em>apostolicae,</em></span> <span class='ocrx_word' id='word_1_375' title='bbox 732 2329 804 2383; x_wconf 91' lang='lat' dir='ltr'><em>qui</em></span> <span class='ocrx_word' id='word_1_376' title='bbox 824 2341 901 2382; x_wconf 89' lang='lat' dir='ltr'><em>per</em></span> <span class='ocrx_word' id='word_1_377' title='bbox 921 2327 1148 2383; x_wconf 89' lang='lat' dir='ltr'><em>episcopos</em></span> <span class='ocrx_word' id='word_1_378' title='bbox 1177 2340 1280 2368; x_wconf 90' lang='lat' dir='ltr'><em>suae</em></span> <span class='ocrx_word' id='word_1_379' title='bbox 1310 2328 1443 2382; x_wconf 87' lang='lat' dir='ltr'><em>partis</em></span> <span class='ocrx_word' id='word_1_380' title='bbox 1471 2342 1574 2383; x_wconf 84' lang='lat' dir='ltr'><em>prae</em></span> <span class='ocrx_word' id='word_1_381' title='bbox 1607 2329 1779 2383; x_wconf 90' lang='lat' dir='ltr'><em>icasset,</em></span> 
     </span>
     <span class='ocr_line' id='line_1_43' title="bbox 283 2381 1775 2438; baseline 0.002 -14"><span class='ocrx_word' id='word_1_382' title='bbox 283 2396 381 2424; x_wconf 90' lang='lat' dir='ltr'><em>eum</em></span> <span class='ocrx_word' id='word_1_383' title='bbox 400 2396 486 2424; x_wconf 89' lang='lat' dir='ltr'><em>non</em></span> <span class='ocrx_word' id='word_1_384' title='bbox 505 2384 639 2425; x_wconf 88' lang='lat' dir='ltr'><em>teneri</em></span> <span class='ocrx_word' id='word_1_385' title='bbox 660 2383 894 2425; x_wconf 87' lang='lat' dir='ltr'><em>obnoxium</em></span> <span class='ocrx_word' id='word_1_386' title='bbox 916 2383 1094 2438; x_wconf 88' lang='lat' dir='ltr'><em>periurii</em></span> <span class='ocrx_word' id='word_1_387' title='bbox 1112 2381 1180 2424; x_wconf 89' lang='lat' dir='ltr'><em>vel</em></span> <span class='ocrx_word' id='word_1_388' title='bbox 1202 2382 1421 2438; x_wconf 87' lang='lat' dir='ltr'><em>perfidiae,</em></span> <span class='ocrx_word' id='word_1_389' title='bbox 1447 2384 1482 2424; x_wconf 88' lang='lat' dir='ltr'><em>si</em></span> <span class='ocrx_word' id='word_1_390' title='bbox 1505 2390 1651 2426; x_wconf 87' lang='lat' dir='ltr'><em>contra</em></span> <span class='ocrx_word' id='word_1_391' title='bbox 1677 2399 1775 2427; x_wconf 88' lang='lat' dir='ltr'><em>eum</em></span> 
     </span>
     <span class='ocr_line' id='line_1_44' title="bbox 282 2437 1778 2495; baseline 0.003 -16"><span class='ocrx_word' id='word_1_392' title='bbox 282 2451 402 2479; x_wconf 87' lang='lat' dir='ltr'><em>arma</em></span> <span class='ocrx_word' id='word_1_393' title='bbox 422 2437 601 2491; x_wconf 88' lang='lat' dir='ltr'><em>tulisset,</em></span> <span class='ocrx_word' id='word_1_394' title='bbox 632 2439 718 2494; x_wconf 84' lang='lat' dir='ltr'><em>qui,</em></span> <span class='ocrx_word' id='word_1_395' title='bbox 747 2445 894 2495; x_wconf 88' lang='lat' dir='ltr'><em>utpote</em></span> <span class='ocrx_word' id='word_1_396' title='bbox 924 2438 1335 2491; x_wconf 84' lang='lat' dir='ltr'><em>excommunicatus,</em></span> <span class='ocrx_word' id='word_1_397' title='bbox 1365 2454 1443 2480; x_wconf 86' lang='lat' dir='ltr'><em>rex</em></span> <span class='ocrx_word' id='word_1_398' title='bbox 1470 2440 1558 2481; x_wconf 88' lang='lat' dir='ltr'><em>iam</em></span> <span class='ocrx_word' id='word_1_399' title='bbox 1577 2454 1671 2483; x_wconf 89' lang='lat' dir='ltr'><em>esse</em></span> <span class='ocrx_word' id='word_1_400' title='bbox 1691 2455 1778 2483; x_wconf 91' lang='lat' dir='ltr'><em>non</em></span> 
     </span>
     <span class='ocr_line' id='line_1_45' title="bbox 281 2493 1776 2551; baseline 0.003 -16"><span class='ocrx_word' id='word_1_401' title='bbox 281 2501 446 2549; x_wconf 83' lang='lat' dir='ltr'><em>posset3</em></span> <span class='ocrx_word' id='word_1_402' title='bbox 477 2508 574 2535; x_wconf 92' lang='lat' dir='ltr'><em>cum</em></span> <span class='ocrx_word' id='word_1_403' title='bbox 596 2494 676 2536; x_wconf 91' lang='lat' dir='ltr'><em>hoc</em></span> <span class='ocrx_word' id='word_1_404' title='bbox 696 2495 762 2548; x_wconf 86' lang='lat' dir='ltr'><em>sit,</em></span> <span class='ocrx_word' id='word_1_405' title='bbox 791 2495 1002 2550; x_wconf 87' lang='lat' dir='ltr'><em>inquiunt,</em></span> <span class='ocrx_word' id='word_1_406' title='bbox 1033 2494 1134 2536; x_wconf 91' lang='lat' dir='ltr'><em>fidei</em></span> <span class='ocrx_word' id='word_1_407' title='bbox 1155 2500 1282 2551; x_wconf 84' lang='lat' dir='ltr'><em>atque</em></span> <span class='ocrx_word' id='word_1_408' title='bbox 1301 2493 1492 2537; x_wconf 90' lang='lat' dir='ltr'><em>fidelium</em></span> <span class='ocrx_word' id='word_1_409' title='bbox 1511 2496 1556 2537; x_wconf 92' lang='lat' dir='ltr'><em>in</em></span> <span class='ocrx_word' id='word_1_410' title='bbox 1576 2495 1776 2549; x_wconf 88' lang='lat' dir='ltr'><em>ecclesia,</em></span> 
     </span>
     <span class='ocr_line' id='line_1_46' title="bbox 283 2548 1778 2607; baseline 0.003 -16"><span class='ocrx_word' id='word_1_411' title='bbox 283 2548 478 2591; x_wconf 89' lang='lat' dir='ltr'><em>occidere</em></span> <span class='ocrx_word' id='word_1_412' title='bbox 499 2550 662 2592; x_wconf 87' lang='lat' dir='ltr'><em>scilicet</em></span> <span class='ocrx_word' id='word_1_413' title='bbox 676 2564 727 2591; x_wconf 90' lang='lat' dir='ltr'><em>ac</em></span> <span class='ocrx_word' id='word_1_414' title='bbox 742 2550 943 2606; x_wconf 85' lang='lat' dir='ltr'><em>persequi</em></span> <span class='ocrx_word' id='word_1_415' title='bbox 963 2564 1049 2604; x_wconf 88' lang='lat' dir='ltr'><em>eos,</em></span> <span class='ocrx_word' id='word_1_416' title='bbox 1071 2551 1314 2607; x_wconf 89' lang='lat' dir='ltr'><em>quicunque</em></span> <span class='ocrx_word' id='word_1_417' title='bbox 1331 2553 1696 2596; x_wconf 86' lang='lat' dir='ltr'><em>communicantes</em></span> <span class='ocrx_word' id='word_1_418' title='bbox 1709 2552 1778 2596; x_wconf 88' lang='lat' dir='ltr'><em>vel</em></span> 
     </span>
    </p>
   </div>
   <div class='ocr_carea' id='block_1_10' title="bbox 282 2674 1783 2788">
    <p class='ocr_par' dir='ltr' id='par_1_10' title="bbox 282 2674 1783 2788">
     <span class='ocr_line' id='line_1_47' title="bbox 283 2674 1775 2711; baseline 0.003 -10"><span class='ocrx_word' id='word_1_419' title='bbox 283 2674 315 2710; x_wconf 85' lang='lat' dir='ltr'><em>a)</em></span> <span class='ocrx_word' id='word_1_420' title='bbox 338 2676 450 2702; x_wconf 85' lang='lat' dir='ltr'><em>dicitur</em></span> <span class='ocrx_word' id='word_1_421' title='bbox 471 2676 547 2708; x_wconf 70' lang='lat' dir='ltr'><em>Any.</em></span> <span class='ocrx_word' id='word_1_422' title='bbox 627 2675 658 2707; x_wconf 84' lang='lat' dir='ltr'><em>b)</em></span> <span class='ocrx_word' id='word_1_423' title='bbox 689 2677 745 2708; x_wconf 73' lang='lat' dir='ltr'><em>Ap.</em></span> <span class='ocrx_word' id='word_1_424' title='bbox 769 2676 843 2709; x_wconf 73' lang='lat' dir='ltr'><em>Auq.</em></span> <span class='ocrx_word' id='word_1_425' title='bbox 865 2677 982 2709; x_wconf 66' lang='lat' dir='ltr'><em>legimus</em></span> <span class='ocrx_word' id='word_1_426' title='bbox 1003 2678 1062 2702; x_wconf 80' lang='lat' dir='ltr'><em>ica:</em></span> <span class='ocrx_word' id='word_1_427' title='bbox 1095 2677 1211 2708; x_wconf 82' lang='lat' dir='ltr'><em>Quibus</em></span> <span class='ocrx_word' id='word_1_428' title='bbox 1234 2678 1356 2704; x_wconf 81' lang='lat' dir='ltr'><em>dicunt:</em></span> <span class='ocrx_word' id='word_1_429' title='bbox 1381 2679 1448 2705; x_wconf 82' lang='lat' dir='ltr'><em>Pax</em></span> <span class='ocrx_word' id='word_1_430' title='bbox 1468 2679 1651 2706; x_wconf 74' lang='lat' dir='ltr'><em>vobiscum?</em></span> <span class='ocrx_word' id='word_1_431' title='bbox 1691 2679 1775 2711; x_wconf 80' lang='lat' dir='ltr'><em>Quos</em></span> 
     </span>
     <span class='ocr_line' id='line_1_48' title="bbox 282 2716 1783 2751; baseline 0.004 -11"><span class='ocrx_word' id='word_1_432' title='bbox 282 2718 428 2748; x_wconf 81' lang='lat' dir='ltr'><em>separant</em></span> <span class='ocrx_word' id='word_1_433' title='bbox 448 2723 467 2741; x_wconf 84' lang='lat' dir='ltr'><em>a</em></span> <span class='ocrx_word' id='word_1_434' title='bbox 487 2722 564 2748; x_wconf 84' lang='lat' dir='ltr'><em>pace</em></span> <span class='ocrx_word' id='word_1_435' title='bbox 586 2716 668 2740; x_wconf 88' lang='lat' dir='ltr'><em>orbis</em></span> <span class='ocrx_word' id='word_1_436' title='bbox 689 2719 851 2742; x_wconf 80' lang='lat' dir='ltr'><em>terrarum.</em></span> <span class='ocrx_word' id='word_1_437' title='bbox 891 2717 931 2742; x_wconf 77' lang='lat' dir='ltr'><em>Et</em></span> <span class='ocrx_word' id='word_1_438' title='bbox 952 2717 1062 2748; x_wconf 86' lang='lat' dir='ltr'><em>quibus</em></span> <span class='ocrx_word' id='word_1_439' title='bbox 1084 2717 1213 2742; x_wconf 83' lang='lat' dir='ltr'><em>dicitur:</em></span> <span class='ocrx_word' id='word_1_440' title='bbox 1244 2718 1283 2743; x_wconf 79' lang='lat' dir='ltr'><em>Et</em></span> <span class='ocrx_word' id='word_1_441' title='bbox 1305 2725 1372 2743; x_wconf 88' lang='lat' dir='ltr'><em>cum</em></span> <span class='ocrx_word' id='word_1_442' title='bbox 1393 2719 1503 2751; x_wconf 85' lang='lat' dir='ltr'><em>spiritu</em></span> <span class='ocrx_word' id='word_1_443' title='bbox 1523 2719 1598 2745; x_wconf 74' lang='lat' dir='ltr'><em>tuo?</em></span> <span class='ocrx_word' id='word_1_444' title='bbox 1638 2719 1699 2751; x_wconf 76' lang='lat' dir='ltr'><em>Qui</em></span> <span class='ocrx_word' id='word_1_445' title='bbox 1719 2719 1783 2745; x_wconf 79' lang='lat' dir='ltr'><em>dis-</em></span> 
     </span>
     <span class='ocr_line' id='line_1_49' title="bbox 282 2755 1024 2788; baseline 0.003 -8"><span class='ocrx_word' id='word_1_446' title='bbox 282 2755 458 2782; x_wconf 83' lang='lat' dir='ltr'><em>sensionem</em></span> <span class='ocrx_word' id='word_1_447' title='bbox 479 2755 708 2787; x_wconf 78' lang='lat' dir='ltr'><em>amplectuntur</em></span> <span class='ocrx_word' id='word_1_448' title='bbox 730 2758 760 2781; x_wconf 88' lang='lat' dir='ltr'><em>et</em></span> <span class='ocrx_word' id='word_1_449' title='bbox 778 2756 885 2781; x_wconf 84' lang='lat' dir='ltr'><em>odiunt</em></span> <span class='ocrx_word' id='word_1_450' title='bbox 905 2763 1024 2788; x_wconf 79' lang='lat' dir='ltr'><em>pacem.</em></span> 
     </span>
    </p>
   </div>
   <div class='ocr_carea' id='block_1_11' title="bbox 283 2850 1781 2995">
    <p class='ocr_par' dir='ltr' id='par_1_11' title="bbox 283 2850 1781 2995">
     <span class='ocr_line' id='line_1_50' title="bbox 285 2850 1776 2897; baseline 0.003 -16"><span class='ocrx_word' id='word_1_451' title='bbox 285 2850 322 2891; x_wconf 90' lang='lat'><em>1)</em></span> <span class='ocrx_word' id='word_1_452' title='bbox 349 2850 541 2893; x_wconf 84' lang='lat' dir='ltr'><em>Augustini</em></span> <span class='ocrx_word' id='word_1_453' title='bbox 566 2851 602 2883; x_wconf 89' lang='lat' dir='ltr'><em>in</em></span> <span class='ocrx_word' id='word_1_454' title='bbox 631 2861 760 2894; x_wconf 85' lang='lat' dir='ltr'><em>euang.</em></span> <span class='ocrx_word' id='word_1_455' title='bbox 778 2850 948 2884; x_wconf 84' lang='lat' dir='ltr'><em>Iohannis</em></span> <span class='ocrx_word' id='word_1_456' title='bbox 975 2861 1007 2884; x_wconf 82' lang='lat' dir='ltr'><em>c.</em></span> <span class='ocrx_word' id='word_1_457' title='bbox 1032 2852 1085 2893; x_wconf 80' lang='lat'><em>17,</em></span> <span class='ocrx_word' id='word_1_458' title='bbox 1112 2856 1213 2885; x_wconf 84' lang='lat' dir='ltr'><em>tract.</em></span> <span class='ocrx_word' id='word_1_459' title='bbox 1239 2853 1318 2894; x_wconf 87' lang='lat'><em>104,</em></span> <span class='ocrx_word' id='word_1_460' title='bbox 1346 2854 1464 2896; x_wconf 85' lang='lat' dir='ltr'><em>Opera</em></span> <span class='ocrx_word' id='word_1_461' title='bbox 1489 2854 1562 2895; x_wconf 85' lang='lat'><em>111,</em></span> <span class='ocrx_word' id='word_1_462' title='bbox 1578 2855 1611 2894; x_wconf 80' lang='lat'><em>2,</em></span> <span class='ocrx_word' id='word_1_463' title='bbox 1638 2866 1672 2897; x_wconf 89' lang='lat' dir='ltr'><em>p.</em></span> <span class='ocrx_word' id='word_1_464' title='bbox 1694 2854 1776 2889; x_wconf 82' lang='lat'><strong>758.</strong></span> 
     </span>
     <span class='ocr_line' id='line_1_51' title="bbox 283 2898 1776 2945; baseline 0.003 -15"><span class='ocrx_word' id='word_1_465' title='bbox 283 2898 323 2942; x_wconf 81' lang='lat'><em>2)</em></span> <span class='ocrx_word' id='word_1_466' title='bbox 350 2900 540 2942; x_wconf 85' lang='lat' dir='ltr'><em>Augustini</em></span> <span class='ocrx_word' id='word_1_467' title='bbox 572 2901 749 2933; x_wconf 84' lang='lat' dir='ltr'><em>enarratio</em></span> <span class='ocrx_word' id='word_1_468' title='bbox 784 2900 821 2932; x_wconf 92' lang='lat' dir='ltr'><em>in</em></span> <span class='ocrx_word' id='word_1_469' title='bbox 852 2899 1026 2943; x_wconf 84' lang='lat' dir='ltr'><em>psalmum</em></span> <span class='ocrx_word' id='word_1_470' title='bbox 1063 2901 1143 2943; x_wconf 82' lang='lat'><em>125,</em></span> <span class='ocrx_word' id='word_1_471' title='bbox 1180 2902 1295 2945; x_wconf 83' lang='lat' dir='ltr'><em>Opera</em></span> <span class='ocrx_word' id='word_1_472' title='bbox 1320 2902 1382 2942; x_wconf 88' lang='lat' dir='ltr'><em>IV,</em></span> <span class='ocrx_word' id='word_1_473' title='bbox 1409 2903 1442 2942; x_wconf 84' lang='lat'><em>2,</em></span> <span class='ocrx_word' id='word_1_474' title='bbox 1469 2914 1503 2945; x_wconf 84' lang='lat' dir='ltr'><em>p.</em></span> <span class='ocrx_word' id='word_1_475' title='bbox 1534 2901 1638 2936; x_wconf 82' lang='lat'><strong>1417.</strong></span> <span class='ocrx_word' id='word_1_476' title='bbox 1670 2902 1776 2938; x_wconf 81' lang='lat'>1418.</span> 
     </span>
     <span class='ocr_line' id='line_1_52' title="bbox 283 2948 1781 2995; baseline 0.001 -15"><span class='ocrx_word' id='word_1_477' title='bbox 283 2949 320 2989; x_wconf 88' lang='grc'><em>3)</em></span> <span class='ocrx_word' id='word_1_478' title='bbox 348 2948 537 2992; x_wconf 85' lang='lat' dir='ltr'><em>Augustini</em></span> <span class='ocrx_word' id='word_1_479' title='bbox 562 2949 599 2981; x_wconf 87' lang='lat' dir='ltr'><em>in</em></span> <span class='ocrx_word' id='word_1_480' title='bbox 626 2959 755 2991; x_wconf 85' lang='lat' dir='ltr'><em>euang.</em></span> <span class='ocrx_word' id='word_1_481' title='bbox 781 2948 953 2982; x_wconf 83' lang='lat' dir='ltr'><em>Iohannis</em></span> <span class='ocrx_word' id='word_1_482' title='bbox 981 2959 1012 2983; x_wconf 87' lang='lat' dir='ltr'><em>c.</em></span> <span class='ocrx_word' id='word_1_483' title='bbox 1042 2949 1096 2994; x_wconf 85' lang='lat'><em>14,</em></span> <span class='ocrx_word' id='word_1_484' title='bbox 1126 2954 1230 2983; x_wconf 86' lang='lat' dir='ltr'><em>tract.</em></span> <span class='ocrx_word' id='word_1_485' title='bbox 1260 2949 1315 2992; x_wconf 76' lang='lat'><em>78,</em></span> <span class='ocrx_word' id='word_1_486' title='bbox 1343 2951 1463 2994; x_wconf 87' lang='lat' dir='ltr'><em>Opera</em></span> <span class='ocrx_word' id='word_1_487' title='bbox 1479 2951 1550 2991; x_wconf 85' lang='grc' dir='ltr'>ΙΙΙ,</span> <span class='ocrx_word' id='word_1_488' title='bbox 1577 2951 1611 2991; x_wconf 82' lang='grc'><em>2,</em></span> <span class='ocrx_word' id='word_1_489' title='bbox 1637 2963 1671 2995; x_wconf 90' lang='lat' dir='ltr'><em>p.</em></span> <span class='ocrx_word' id='word_1_490' title='bbox 1692 2950 1781 2987; x_wconf 56' lang='grc'><em>698,</em></span> 
     </span>
    </p>
   </div>
  </div>
 </body>
</html>
