1878 3308
332 285 400 318 DE
426 285 638 319 UNITATE
664 285 937 320 ECCLESIAE
965 286 1335 321 CONSERVANDA.
1544 290 1590 322 47

11 438 13 446 ,
90 411 177 440 nas
218 395 390 454 qlors'ae
419 397 609 454 faciunt
654 399 732 442 hoc
774 400 952 452 intuitu,
997 412 1077 440 ‘nos
1115 404 1270 452 autem,
1310 401 1387 455 qui
1430 402 1591 443 iustam

86 458 262 509 partem
301 451 509 511 Gregorii
546 456 637 496 iam
678 470 707 497 a
745 454 840 497 Deo
879 455 1111 508 assumpti,
1153 455 1267 496 sicut
1308 456 1473 498 iustum
1517 464 1591 510 est,

90 507 383 608 wimiis,
410 524 494 565 per
514 510 593 552 hoc
623 525 714 552 non
744 511 924 563 homini,
954 509 1032 552 sed
1060 509 1146 552 soli
1173 510 1268 554 Deo
1291 511 1471 567 placere
1495 528 1592 555 con-

193 579 322 608 amus.

202 621 245 663 5.
301 620 419 664 Hinc
455 622 542 664 iam
581 622 820 679 apparebit,
858 622 934 679 qui
964 622 1052 665 sint
1079 622 1313 665 scismatici
1343 630 1386 666 et
1413 622 1593 667 heretici

90 682 221 734 atque
250 678 629 732 excommunicati,
668 692 768 720 cum
806 679 888 720 iste
918 676 1146 721 scribendo
1175 685 1368 734 testetur,
1397 694 1444 723 se
1474 694 1592 722 suos-

91 746 177 790 que
219 731 450 777 defendere
494 740 661 790 partem
703 734 771 776 sui
815 733 1032 791 Gregorii.
1110 734 1198 778 Sed
1239 736 1386 778 tunica
1430 735 1593 779 Christi

90 802 170 846 per
196 795 334 832 totum
363 788 552 833 textilis·
587 797 718 846 atque
747 790 980 833 cohaerens
995 799 1008 820 ¹
1039 799 1286 835 reservatur
1323 792 1449 835 nobis
1486 794 1593 836 inte-

89 859 171 900 gra
210 852 256 888 et
294 846 537 888 inconcissa
578 859 606 887 a
647 845 926 889 carnificibus
961 845 1100 901 Pilati,
1142 854 1292 904 utpote
1331 848 1594 902 melioribus,

92 914 223 958 quam
262 902 338 959 qui
372 901 570 945 dividunt
601 902 808 945 unitatem
851 901 1072 956 ecclesiae,
1147 905 1466 961 uandoquidem
1508 906 1595 970 ipsi

92 956 388 1001 interfectores
417 957 579 1002 Christi
607 958 754 1001 dicant
781 960 825 1001 in
854 958 1081 1016 euangelio
1117 918 1172 1002 de
1202 961 1449 1017 integritate
1479 961 1594 1004 ilhus

94 1013 286 1057 tunicae:
304 1014 411 1059 Non
430 1015 685 1058 scindamus
703 1015 840 1070 illam,
861 1017 937 1058 sed
956 1017 1198 1059 sortiamur
1217 1018 1270 1059 de
1290 1032 1356 1071 ea,
1377 1019 1503 1060 cuius
1522 1019 1592 1063 sit.
1607 1032 1788 1067 1011.19‚24.

93 1068 283 1113 Unitatis
330 1071 446 1113 enim
493 1078 811 1114 sacramentum
858 1079 901 1115 et
948 1071 1206 1115 concordiae
1254 1073 1473 1115 vinculum
1521 1073 1595 1116 illa

96 1123 259 1169 Christi
300 1127 449 1169 tunica
486 1126 810 1183 praetendebat,
849 1142 960 1185 quae
997 1127 1053 1170 ab
1091 1129 1331 1185 accipiente
1371 1144 1423 1172 ac
1493 1132 1596 1172 ossi-

0 1190 14 1229 ,ι
94 1179 225 1226 dente
253 1182 392 1225 scindi
411 1184 586 1226 omnino
613 1197 700 1226 non
718 1190 899 1240 poterat,
928 1183 1007 1226 sed
1033 1190 1165 1226 totam
1186 1184 1313 1227 simul
1342 1194 1385 1228 et
1413 1200 1462 1228 so
1482 1185 1595 1228 'dam

94 1236 341 1281 firmitatem
367 1240 460 1282 inse
493 1239 714 1282 arabiliter
732 1240 967 1297 optinebat.
1011 1240 1138 1283 Unde
1158 1248 1332 1284 sanctus
1352 1241 1598 1298 Cyprianus

95 1294 328 1352 episcopus
354 1295 402 1337 in
427 1294 459 1338 li
490 1310 539 1338 ro
569 1295 623 1339 de
651 1297 814 1339 unitate
844 1295 1070 1339 ecclesiae:
1103 1306 1189 1348 Quis
1214 1319 1309 1352 erqo,
1334 1298 1478 1354 inquit
1489 1305 1519 1350 ¹,
1546 1309 1597 1343 εἰσ

95 1353 299 1397 ιωὶονοιαε,
323 1355 404 1398 quis
427 1356 478 1390 sio
495 1356 836 1400 discordiaefurore
859 1367 1024 1397 vesanus,
1052 1362 1092 1389 ut
1117 1362 1180 1389 aut
1206 1357 1329 1390 eredat
1353 1357 1470 1392 scindi
1478 1369 1597 1401 posse,

98 1408 163 1437 aut
195 1404 329 1438 audeat
361 1403 522 1439 uendere
552 1405 724 1439 unitatem
756 1405 840 1447 Dei,
874 1411 1002 1439 vestem
1034 1404 1194 1446 Domini,
1231 1406 1412 1440 ecclesiam
1442 1406 1598 1440 evaristi?

99 1446 188 1491 Sed
223 1447 400 1506 quidam
439 1457 647 1492 exeuntes
683 1465 710 1491 a
738 1449 863 1492 nobis
892 1450 1042 1492 dieunt
1069 1458 1112 1493 et
1140 1449 1346 1504 scribunt,
1377 1466 1423 1494 se
1453 1451 1596 1494 defen-

100 1503 202 1547 dere
240 1510 410 1562 partem
446 1507 514 1547 sui
550 1506 767 1603 Gregorii,
805 1521 891 1549 non
926 1506 974 1549 id
1043 1505 1129 1548 uod
1158 1512 1297 1548 totum
1327 1515 1393 1550 est
1422 1506 1597 1561 Christi,

99 1559 216 1618 quod
239 1567 305 1604 est
324 1559 537 1604 catholica
566 1576 642 1604 ecc
659 1562 749 1605 esia
769 1561 942 1605 Christi.
1029 1561 1113 1604 nde
1143 1561 1335 1605 Isidorus
1366 1564 1597 1620 episcopus

98 1616 144 1659 in
172 1616 214 1660 8·
241 1616 352 1660 libro
382 1617 759 1674 etymologiarum:
790 1628 982 1671 Catholica,
1006 1618 1189 1675 inqu1t³‚
1220 1629 1284 1662 hoc
1307 1635 1359 1664 est
1383 1629 1596 1664 universalis

99 1674 245 1711 oeslm‘a
268 1675 412 1721 dieitur,
438 1677 608 1721 quoniam
632 1690 704 1712 non
730 1678 924 1712 secundum
948 1678 1192 1712 conventicula
1209 1678 1440 1712 hereticorum
1464 1679 1503 1712 in
1529 1678 1596 1712 ali-

99 1724 228 1769 quibus
259 1726 444 1772 reqionum
471 1727 640 1770 partibus
666 1731 860 1768 coartatur,
894 1727 957 1760 sed
976 1738 1046 1770 per
1069 1731 1178 1761 totum
1203 1727 1319 1761 orbem
1343 1727 1499 1761 dilatata
1524 1726 1596 1772 duf-

89 1779 278 1823 flandum-,-
305 1770 490 1828 ideoque
519 1771 648 1814 fidem
678 1786 766 1814 non
794 1771 954 1814 habent
982 1771 1249 1826 catholicam,
1280 1773 1353 1829 qui
1383 1778 1483 1814 sunt
1511 1786 1596 1814 non

98 1824 144 1867 in
170 1830 274 1881 toto,
303 1825 420 1884 quod
440 1827 622 1870 redemit
643 1827 841 1871 Christus
869 1834 911 1870 et
939 1827 1055 1885 quod
1075 1829 1273 1884 regnabit
1292 1843 1388 1870 cum
1410 1827 1595 1881 Christo,

6 1890 26 1920 t
99 1878 178 1924 sed
204 1881 252 1924 in
270 1889 401 1948 parte
429 1882 588 1941 aliqua,
617 1884 793 1926 maioris
831 1884 932 1927 inde
962 1890 1274 1942 consequentes
1310 1884 1598 1926 damnationis

100 1942 369 1994 sententiam,
417 1946 630 1996 quotquot
672 1940 931 1982 confitentur
977 1940 1023 1981 in
1071 1939 1283 2005 symbolo,
1333 1954 1378 1982 se
1422 1939 1597 1982 eredere

99 1999 293 2036 sanctam
320 1994 545 2038 ecclesiam
574 1995 840 2049 catholicam,
870 2001 914 2037 et
942 2010 1020 2051 per
1046 1994 1212 2052 aliquas
1240 1996 1429 2051 partium
1459 2002 1598 2038 sectas

2 2051 31 2306 ξ
101 2047 231 2092 divisi
271 2064 359 2093 non
402 2057 548 2093 tenent
589 2052 797 2094 unitatem
841 2049 1060 2103 ecclesiae,
1100 2065 1211 2116 quae
1254 2050 1417 2093 scilicet
1455 2052 1598 2094 unitas

0 1180 7 1187 ιν
0 1066 11 1167 vim-am„
0 702 12 1047 <vv-rrv-wwvv-vu-y-
0 590 9 686 η-ιν-φπ
10 564 13 566 ,
7 534 13 538 ,

0 1763 18 1788 εν
0 1372 32 1746 mmmm-v
5 1358 12 1360 ι
0 1290 7 1302 ⁴
0 1278 3 1280 ·

100 2105 226 2147 iuxta
263 2105 379 2163 quod
414 2105 585 2163 legitur,
623 2106 908 2149 multitudinis
937 2106 1203 2149 credentium
1233 2121 1327 2149 esse
1362 2120 1436 2148 cor
1465 2121 1597 2149 unum
1612 2119 1650 2147 er.
1661 2118 1813 2154 Acten.

101 2166 146 2204 et
171 2161 361 2205 animam
390 2176 534 2217 unam,
563 2163 766 2206 convenit
793 2163 967 2219 proprie
987 2161 1223 2205 catholicae
1244 2161 1466 2205 eeclesiae.
1511 2162 1599 2205 Sed

135 2231 183 2260 er
219 2217 348 2270 diem,
387 2218 540 2276 inquit,
580 2217 645 2262 sol
679 2234 769 2262 non
807 2225 902 2260 uret
942 2224 979 2260 te
1008 2234 1144 2275 neque
1172 2218 1283 2260 luna
1307 2234 1394 2274 per
1422 2225 1780 2267 nodemus-,imm

11 2308 16 2322 .
145 2273 285 2330 ystice
319 2274 460 2318 dictus
499 2273 565 2317 sol
600 2275 645 2316 in
675 2275 770 2317 Deo
809 2273 1072 2330 intelligitur,
1110 2279 1153 2316 et
1188 2274 1231 2315 in
1267 2273 1451 2317 ecclesia
1478 2289 1600 2331 prae·

100 2328 282 2386 figurate
312 2330 427 2374 dicta
465 2331 566 2374 luna
595 2330 859 2387 intelligitur.
919 2329 1006 2373 Sed
1042 2337 1245 2387 tanquam
1275 2345 1302 2372 a
1331 2330 1419 2373 sole
1449 2331 1597 2384 uritur,

15 2388 34 2445 ζ’
101 2385 175 2443 qui
203 2385 249 2428 in
269 2385 440 2430 Christo
468 2386 797 2441 scandalizatur,
834 2386 1013 2429 credens
1042 2384 1206 2443 aliquid
1236 2386 1376 2428 minus
1413 2387 1457 2428 in
1487 2386 1598 2429 Filio

11 2462 33 2497 5
102 2454 231 2540 guam
260 2442 307 2485 in
333 2442 462 2486 Patre
491 2450 534 2487 et
561 2443 724 2500 Spiritu
754 2449 917 2496 sancto,
948 2442 1149 2499 quoniam
1171 2442 1301 2485 Pater
1329 2448 1371 2485 et
1390 2441 1526 2485 Filius
1556 2450 1600 2486 et

102 2497 291 2597 Ifiritus
319 2506 492 2543 sanctus
522 2514 631 2542 unus
652 2507 718 2542 est
737 2499 857 2542 Deus
877 2497 1252 2541 consubstantialis
1271 2505 1315 2541 et
1334 2505 1598 2542 coaeternus.

145 2558 254 2598 ntur
281 2561 425 2599 autem
456 2562 661 2614 tanquam
690 2571 717 2598 a
745 2555 858 2609 luna,
891 2555 965 2612 qui
995 2553 1309 2597 scandalizatur
1338 2556 1382 2597 in
1405 2554 1598 2609 ecclesia,

23 2681 34 2714 ,³
105 2677 138 2714 e)
158 2680 262 2708 textu·
286 2682 312 2708 1.

108 2779 145 2822 l)
172 2780 227 2815 ef.
254 2781 425 2826 Cypriani
450 2781 559 2815 verbs
594 2781 618 2814 l.
642 2791 673 2814 c.
710 2792 744 2824 p.
773 2780 868 2813 216:
905 2779 951 2813 Ae
980 2791 1059 2814 vero
1085 2779 1171 2823 quia
1197 2779 1326 2813 Chr-‘eei
1345 2782 1501 2824 populus
1529 2792 1598 2813 non

100 2832 216 2871 potent
241 2829 367 2872 scindi,
393 2830 515 2863 tunica
541 2829 616 2864 eius
637 2840 704 2873 per·
730 2835 837 2862 totum
864 2828 993 2863 tea-tilis
1024 2835 1056 2862 ee
1082 2829 1269 2863 cohaerens
1295 2828 1414 2864 divisa
1440 2841 1463 2862 a
1483 2829 1597 2872 pom·-

105 2876 267 2913 dantibus
298 2891 369 2912 mm
394 2884 455 2913 est.
622 2878 661 2917 2)
688 2879 808 2922 Opera
834 2890 867 2921 p.
896 2877 980 2912 216.
1140 2877 1178 2919 3)
1210 2878 1339 2911 Isidori
1372 2878 1598 2922 Hispalensis

105 2927 248 2970 etymol.
276 2926 300 2961 1.
327 2928 431 2969 VIII,
458 2929 577 2971 Opera
603 2927 661 2960 ed.
687 2927 839 2960 Arevalo
867 2927 935 2971 111,
963 2939 996 2971 p.
1024 2927 1108 2961 346.
