1878 3308
331 273 400 307 m:
425 271 637 306 UNITATE
662 271 936 306 ECCLESIAE
964 269 1336 306 CONSERVANDA.
1546 270 1597 303 53

94 383 446 430 Priscillianistae
493 384 685 435 heretici,
726 382 780 427 de
825 397 1006 440 quorum
1050 381 1305 425 fetidissima
1346 380 1486 423 heresi
1531 382 1594 423 sic

95 441 245 486 scribit
271 440 361 484 Leo
389 454 507 498 papa
532 455 635 484 vere
662 439 822 496 dignus
853 452 1073 481 successor
1101 438 1219 482 Petri
1248 437 1454 494 apostoli:
1494 447 1596 481 Nihil

96 511 157 550 ont,
183 497 367 556 inquit¹‚
391 506 552 542 cordium
585 506 624 540 in
650 516 938 550 quorumcunque
972 505 1132 539 semibus
1158 503 1358 548 impiorum,
1396 503 1489 546 quod
1523 514 1594 536 non

94 557 134 591 in
156 556 222 592 Ᾰοο
245 557 375 602 «layum
399 554 617 599 confluxerit,
651 554 822 599 quoniam
845 554 890 588 dc
915 554 1011 588 omni
1035 559 1258 588 terrenarum
1292 552 1498 596 opinionum
1523 551 1595 584 luto

93 604 321 651 „ampl-'eom
335 603 596 650 faeculentiam
616 605 844 645 miscuerunt,
870 608 910 637 ut
925 603 994 637 soli
1018 608 1127 636 totum
1153 602 1318 642 biberent,
1344 601 1513 644 quicquid
1531 599 1597 633 alii

95 671 140 696 ει
157 666 267 706 parte
289 665 511 706 gustassent,-
537 650 612 706 qui
636 649 787 692 dicunt
814 649 926 691 inter
944 655 1100 701 cetera,
1129 647 1246 704 quod
1274 644 1470 688 diabolus
1489 660 1596 686 nun-

126 720 227 749 uam
255 705 387 749 fuerit
415 705 568 759 bonus,
598 711 641 748 et
659 703 776 763 quod
803 718 891 746 non
919 704 976 746 sit
993 703 1182 746 officium
1205 702 1288 744 Dei
1318 709 1471 744 natura
1491 701 1597 744 eius.

218 761 476 805 Hildebrant
504 769 548 804 et
575 761 770 818 episcopi
800 762 892 803 eius
920 759 1046 803 factis
1077 760 1250 817 quidem
1280 765 1452 812 negant,
1483 771 1596 800 crea·

96 825 239 863 turam
267 817 354 860 Dei
382 817 601 860 hominem
630 817 788 860 bonam
820 831 925 869 esse,
957 831 1085 873 quem
1116 814 1280 858 scilicet
1308 814 1525 856 hominem
1550 813 1595 855 in

97 881 265 918 tantum
293 873 538 931 despiciunt
566 874 610 915 in
639 888 755 930 rege,
785 878 834 915 ut
862 872 1138 929 episcopatus
1176 885 1277 915 suos
1306 869 1599 927 relinquentes

98 937 141 974 et
160 944 309 974 curam
327 931 568 972 animarum
600 929 683 972 sibi
713 929 976 972 creditarum
1005 928 1272 985 negligentes
1301 927 1469 983 fugiant
1497 941 1596 968 eum

99 985 259 1041 vidore,
297 1000 396 1029 cum
426 1000 530 1029 vera
557 984 678 1039 fides,
717 999 829 1052 quae
862 992 927 1027 est
955 984 1181 1038 catholiea,
1213 984 1403 1026 omnium
1434 988 1598 1025 creatu-

96 1057 255 1097 rarum,
294 1043 388 1085 sive
418 1041 675 1098 spiritalium
705 1056 796 1084 sive
826 1041 1124 1099 corporalium,
1157 1041 1313 1083 bonam
1342 1039 1602 1082 confiteatur

97 1098 381 1143 substantiam
412 1108 454 1142 et
483 1097 586 1142 mali
613 1096 773 1140 nullam
804 1112 899 1140 esse
934 1105 1152 1152 naturam3
1192 1111 1248 1140 ex
1286 1096 1394 1138 vitio
1435 1096 1598 1152 quippe

95 1154 328 1198 voluntatis
389 1169 520 1197 ravae
541 1155 740 1197 vitiatum
769 1160 834 1197 est
861 1152 1026 1197 bonum
1055 1155 1145 1197 sive
1175 1154 1220 1195 in
1249 1150 1402 1208 angelo
1433 1154 1523 1194 sive
1553 1152 1598 1192 in

96 1210 282 1254 homine.
374 1212 442 1253 'nc
462 1209 736 1267 supradictus
765 1209 854 1253 Leo
882 1224 1021 1267 papa:
1056 1219 1158 1261 Odio,
1185 1208 1326 1265 inquit
1338 1215 1367 1261 ²,
1398 1217 1601 1251 habeantur

89 1277 255 1317 paccata,
280 1282 353 1306 non
377 1271 544 1312 homines,
577 1275 608 1305 et
633 1271 729 1314 quod
764 1270 803 1303 in
823 1269 1055 1313 peccantibus
1081 1269 1238 1303 severius
1264 1267 1435 1312 castigari
1460 1276 1598 1299 necesse

96 1331 148 1362 cet
192 1338 265 1361 non
297 1325 485 1361 saevientis
513 1326 694 1369 plectatur
729 1325 859 1367 animo,
899 1326 962 1359 sed
1000 1324 1189 1364 medimna,-
1216 1313 1291 1356 ubi
1327 1314 1440 1354 enim
1470 1311 1597 1353 bene-

96 1352 298 1425 volentia,
335 1370 398 1414 ibi
442 1370 644 1414 amicitia.
705 1369 792 1413 Sed
833 1385 930 1412 cum
971 1368 1143 1412 diabolo
1183 1370 1374 1411 amicitia
1412 1381 1499 1409 non
1534 1374 1599 1408 est

97 1426 309 1482 habenda,
358 1427 427 1469 cui
471 1425 603 1469 semel
642 1426 926 1469 renuntiando
963 1424 1124 1468 bellum
1162 1425 1412 1477 indiximus,
1452 1424 1522 1465 cui
1562 1422 1599 1464 si

96 1498 319 1541 uunquam
340 1483 718 1535 consensissemus,
747 1496 970 1538 nunquam
1000 1482 1044 1523 in
1069 1481 1172 1524 istas
1203 1482 1397 1523 miserias
1426 1478 1598 1521 incidis-

97 1554 255 1584 semus.
315 1538 427 1582 Cum
457 1537 657 1581 omnibus
691 1545 835 1581 autem
868 1537 1112 1580 hominibus
1141 1535 1352 1591 iubemur,
1390 1542 1597 1593 quantum
1611 1547 1814 1580 sommus.

95 1597 140 1640 in
167 1595 294 1639 nobis
323 1602 402 1649 est,
430 1610 582 1652 pacem
612 1593 785 1648 habere,
816 1596 938 1636 cuius
970 1594 1141 1651 pietatis
1171 1593 1359 1636 studium
1390 1591 1599 1649 praecipi-

96 1666 348 1709 murusque
377 1651 433 1693 ad
462 1651 660 1693 inimicos
691 1651 821 1692 etiam
853 1649 1092 1705 diligendos
1123 1648 1437 1692 transfundere.
1480 1648 1599 1690 Inter

98 1708 205 1752 haec
235 1707 346 1752 enim
378 1722 487 1764 quae
516 1706 641 1750 valde
673 1707 787 1749 bona
815 1706 1117 1749 describuntur
1146 1706 1380 1770 praecipue
1402 1710 1465 1747 est
1484 1703 1599 1747 bona

96 1773 292 1808 creatura
319 1763 406 1807 Dei
434 1763 577 1818 homo,
608 1764 813 1820 quoniam
842 1762 899 1805 ad
927 1763 1162 1820 imaginem
1202 1768 1245 1805 et
1273 1759 1598 1804 similitudinem

96 1820 182 1864 Dei
215 1819 356 1864 factus
385 1826 452 1863 est
478 1819 621 1874 homo,
651 1819 740 1876 qui,
770 1819 849 1862 etsi
879 1818 991 1861 male
1022 1833 1124 1861 usus
1155 1819 1210 1861 sit
1237 1817 1374 1860 libero
1405 1816 1597 1870 arbitrio,

97 1875 319 1920 declinans
348 1890 375 1918 a
403 1874 518 1918 bono
547 1875 603 1918 ad
630 1875 806 1928 malum,
835 1888 921 1917 non
951 1874 1140 1931 perdidit
1169 1881 1311 1917 tamen
1342 1873 1497 1915 mentis
1538 1873 1599 1913 in-

95 1932 329 1987 tellectum,
358 1931 435 1975 ubi
463 1931 519 1974 ad
549 1930 873 1974 similitudinem
904 1930 989 1973 Dei
1019 1930 1157 1973 factus
1186 1937 1252 1972 est
1279 1931 1421 1974 homo.
1480 1927 1599 1969 Dici-

96 1997 167 2033 tur
203 1995 349 2031 autem
387 1987 516 2030 homo
555 1988 685 2029 totius
725 1985 921 2029 collectio
956 1985 1255 2039 multitudinis,
1286 2000 1395 2042 quae
1425 1991 1489 2026 est
1518 1985 1598 2026 sub

97 2045 241 2102 specie
270 2044 470 2097 hominis,
499 2044 574 2100 qui
595 2041 759 2085 scilicet
778 2041 907 2084 homo
938 2041 1180 2098 diligendus
1211 2047 1288 2095 est,
1317 2054 1404 2082 non
1434 2053 1598 2082 errores

97 2101 247 2159 ipsius,
277 2113 361 2142 non
390 2106 569 2156 peccata
597 2098 747 2155 ipsius.
796 2097 908 2140 Nam
941 2098 1088 2141 dicens
1118 2098 1162 2139 in
1192 2095 1418 2152 euangelio
1448 2095 1598 2137 Domi-

96 2172 199 2200 nus:
238 2155 425 2213 Diligite
459 2156 661 2198 inimicos
691 2159 868 2206 vestros,
901 2160 1019 2196 orate
1042 2168 1131 2210 pro
1162 2155 1232 2206 iis,
1300 2154 1348 2194 ui
1382 2167 1456 2194 vos
1493 2166 1595 2207 per·
1612 2164 1814 2200 manuum.

97 2229 141 2257 se
172 2219 353 2266 uantur,
398 2211 635 2267 benefacite
668 2211 740 2264 iis,
787 2212 865 2266 qui
900 2216 1002 2252 vos¹¹
1043 2210 1244 2263 oderunt,
1320 2214 1483 2250 ortatur
1518 2222 1597 2249 nos

96 2229 168 2313 adq
174 2267 495 2312 similitudinem
527 2266 624 2319 Dei,
655 2265 840 2323 ideoque
870 2264 1086 2308 adiunxit:
1116 2265 1242 2318 Sitis,
1272 2264 1484 2320 inquiens,
1502 2263 1598 2317 filii

97 2325 248 2369 Patris
276 2326 422 2377 vestri,
461 2325 539 2381 qui
568 2324 616 2365 in
648 2321 782 2365 caelis
810 2328 884 2375 est,
916 2322 993 2378 qui
1023 2321 1155 2364 solem
1184 2337 1311 2364 suum
1343 2321 1455 2362 oriri
1509 2321 1598 2362 acic

97 2396 232 2440 super
262 2381 395 2424 bonos
423 2386 460 2422 et
481 2379 620 2422 malos
650 2385 687 2421 et
701 2377 821 2435 pluit
841 2393 976 2433 super
997 2379 1135 2419 iustos
1165 2384 1203 2420 et
1224 2378 1426 2420 iniustos.
1514 2375 1598 2418 nde

97 2437 367 2495 Augustinus
411 2437 454 2478 in
500 2440 686 2479 tractatu
723 2432 877 2491 psalmi
915 2433 991 2475 70:
1049 2444 1119 2485 Qui
1153 2455 1246 2488 erqo,
1286 2431 1466 2488 inquit³,
1514 2441 1598 2476 bene

97 2497 173 2532 vult
195 2497 337 2532 inimico
367 2509 444 2538 suo,
472 2495 547 2530 Deo
573 2495 698 2530 similis
725 2501 785 2535 est,
812 2505 875 2528 nec
900 2493 969 2526 ista
995 2493 1174 2537 superbia,
1209 2493 1271 2526 sed
1303 2490 1501 2526 obedientia
1536 2494 1597 2531 cst,

97 2546 265 2591 quoniam
299 2546 348 2580 ad
380 2546 567 2589 imaginem
602 2544 671 2578 Dei
703 2542 801 2587 facti
834 2554 967 2576 sumus.
1030 2540 1231 2582 Faciamus,
1268 2541 1393 2584 inquil,
1427 2539 1598 2574 hominem
1613 2543 1793 2578 Gen.1,2s.

99 2595 148 2630 od
173 2595 362 2641 imaginem
388 2599 418 2629 et
444 2593 712 2627 similitudinem
738 2596 906 2626 nostram.

100 2716 132 2752 ι)
152 2722 209 2743 no·
232 2717 267 2747 ις
288 2715 446 2742 Sohar-dim
467 2714 572 2740 emend.

104 2822 141 2865 1)
158 2823 292 2857 Leonis
311 2821 466 2866 epistula
483 2820 528 2854 ad
548 2821 732 2854 Tui-ibium
752 2820 870 2853 Astur.
890 2820 1014 2862 episc„
1035 2817 1228 2850 Hinschius
1248 2828 1281 2861 p.
1298 2816 1381 2850 591.
1449 2814 1486 2858 2)
1505 2815 1596 2847 Leo-

101 2872 287 2965 gugelm-
313 2871 359 2904 ud
387 2871 570 2904 Rusticum
598 2869 752 2902 Narbon.
780 2879 848 2912 ομ,
876 2867 1071 2900 Hinschius
1092 2878 1124 2910 p.
1146 2865 1228 2899 616.
1332 2865 1369 2907 3)
1397 2865 1517 2908 Opera
1534 2864 1598 2902 1v,
