1878 3308
330 267 397 302 DE
422 267 634 302 UNITATE
659 265 933 300 ECCLESIAE
960 263 1329 299 CONSERVANDA.
1528 263 1573 296 27

88 389 298 426 doctrinan.
349 378 553 423 Similiter
592 385 634 421 et
667 377 918 420 Anastasius
954 390 1067 442 papa
1103 390 1189 418 non
1227 374 1435 417 iudicavit
1463 374 1576 416 Ana-

87 435 267 480 stasium
305 435 604 493 imperatorem
642 434 876 477 hereticum
904 439 1052 490 utique
1090 437 1132 474 et
1164 430 1431 474 defensorem
1461 429 1576 472 here-

90 492 288 546 ticorum,
324 491 414 546 sed,
444 492 553 534 sicut
584 489 781 534 Gelasius
811 502 982 547 quoque
1021 487 1192 542 fecerat,
1222 486 1470 544 suppliciter
1498 500 1576 543 pro

89 562 199 606 pace
217 546 507 591 ecclesiastica
528 546 758 605 alloquitur
778 560 895 589 eum:
927 554 1010 597 Fili,
1038 544 1234 601 inquiens
1247 552 1274 596 ¹,
1305 553 1577 594 clementissime,

90 618 156 643 noe
180 607 420 652 supplicantes
445 608 717 642 controversiam
741 606 903 640 nolumus
927 615 1109 638 remanere
1134 604 1172 637 i‘n
1189 603 1343 644 eeclesia,
1370 613 1448 635 cum
1465 602 1578 645 maqis

90 655 242 692 vitanda
265 656 312 692 cit
335 658 519 699 contentio,
545 656 723 700 quoniam,
749 655 838 689 sicut
854 654 893 687 i‘n
907 653 1106 697 proverbiis
1123 652 1266 695 dicitur,
1293 651 1415 686 odium
1433 651 1580 684 suscitat

92 711 276 752 mentio,
301 712 442 746 omnis¹
464 718 580 746 autem
604 712 667 756 qm·
690 722 760 745 non
779 708 954 744 contendit
972 713 1075 752 prote
1104 707 1125 740 't
1151 706 1343 741 amicitiam
1362 702 1406 738 et
1425 702 1580 749 cetera,

95 771 206 816 quae
252 755 439 814 plurima
486 756 673 814 loquitur
719 769 797 812 pro
845 768 952 811 pace
1001 719 1303 805 ecclesiastica,
1351 752 1578 808 quoniam:

92 823 171 866 lue,
205 813 346 870 inquit
399 835 470 868 pro
503 821 639 857 Christo
665 820 839 866 funqitur
872 818 1055 865 leyati0¹ne‚
1096 818 1158 862 qui
1183 829 1253 861 pro
1287 829 1378 862 paee
1409 821 1581 861 precatur

95 877 273 914 ecelesiae.
336 844 531 911 &hristus
574 868 688 910 enim
735 873 800 909 est
842 879 931 921 pax
971 869 1130 917 nostra,
1167 871 1209 905 et
1248 864 1343 920 ipsa
1387 869 1451 905 est
1492 877 1582 920 pax

91 929 241 967 nostra
283 938 455 982 quoque
497 924 646 981 patria,
689 922 745 964 ad
784 936 913 979 quam
952 921 1230 977 suspiramus,
1274 927 1316 962 et
1353 919 1408 961 ad
1482 933 1583 960 uam

93 979 320 1035 tendimus,
349 981 386 1023 si
413 986 556 1023 tamen
583 979 753 1037 pacifici
782 992 941 1031 sumus,
972 977 1174 1034 quoniam
1205 974 1397 1018 caelestis
1473 989 1582 1016 ieru-

95 1033 240 1091 salem,
271 1051 380 1094 quae
408 1044 472 1080 est
501 1044 637 1079 mater
654 1041 813 1088 nostra,
841 1033 950 1076 visio
970 1032 1089 1090 pacis
1118 1033 1430 1088 interpretatur,
1462 1032 1583 1073 cuius

94 1091 298 1135 terminos
326 1092 472 1150 posuit
498 1092 710 1135 Dominus
740 1105 905 1147 pacem,
935 1091 1046 1132 sicut
1073 1103 1151 1145 per
1178 1087 1444 1145 psalmistam
1482 1087 1583 1130 dici·
1597 1103 1767 1137 Ps.121,3.

96 1154 188 1191 tur:
217 1150 345 1192 cuius
371 1149 662 1205 participatio
692 1149 786 1190 eius
814 1148 865 1189 in
893 1146 1120 1202 idipsum,
1150 1152 1197 1187 ut
1216 1143 1378 1187 scilicet
1407 1144 1586 1186 ecclesia

95 1202 195 1270 Dei,
225 1218 336 1263 quae
365 1211 408 1248 et
436 1205 587 1247 civitas
613 1204 711 1258 Dei,
741 1218 875 1245 unum
905 1215 1060 1258 corpus
1090 1202 1145 1244 sit
1174 1215 1271 1242 cum
1296 1200 1480 1254 Christo,
1511 1201 1586 1257 qui

93 1258 141 1302 id
178 1275 322 1319 lpsum
360 1266 437 1316 est,
476 1261 591 1318 quod
631 1258 900 1303 aeternaliter
935 1264 1010 1312 est,
1048 1257 1101 1300 de
1142 1271 1226 1314 quo
1255 1256 1396 1312 Moysi
1425 1255 1585 1299 dictum

97 1322 183 1360 est:
219 1317 318 1383 Epo
345 1332 442 1360 sum
471 1318 549 1374 qui
577 1333 683 1359 sum.
744 1315 831 1358 Sed
869 1313 1153 1366 Hierusalem,
1195 1327 1305 1369 quae
1334 1311 1587 1355 aedificatur
1599 1325 1790 1360 numan.

97 1378 147 1415 ut
185 1373 350 1428 civitae,
387 1373 509 1415 cuius
546 1372 816 1430 participatio
855 1371 945 1414 eius
984 1370 1030 1411 in
1058 1369 1103 1411 id
1133 1371 1147 1411 i
1180 1384 1288 1422 sum,
1318 1369 1507 1411 continet
1540 1368 1587 1409 in

98 1428 376 1472 fundamento
395 1428 581 1485 lapidem
601 1442 816 1470 summum
835 1426 1095 1483 angularem,
1116 1440 1139 1467 e
1157 1431 1312 1479 ectum,
1337 1425 1585 1481 pretiosum,

100 1484 182 1528 hoc
217 1493 282 1528 est
312 1484 545 1538 Christum,
585 1492 632 1527 ut
665 1491 703 1526 et
738 1485 756 1526 i
791 1485 830 1526 si
865 1490 1076 1540 tanquam
1115 1482 1289 1537 lapides
1317 1483 1408 1524 vivi
1437 1494 1799 1538 super-1.Petr.2‚⁵.

100 1541 392 1597 aedificemini
420 1542 570 1584 domus
599 1543 731 1597 spirit
779 1555 822 1582 es
850 1541 900 1582 in
920 1539 1210 1581 sacerdotium
1239 1543 1450 1591 sanetum,
1479 1538 1589 1580 sicut

100 1597 256 1641 dicitur
291 1612 370 1654 per
405 1597 577 1640 beatum
617 1597 804 1651 Petrum,
848 1595 1072 1653 quoniam:
1133 1594 1223 1647 Vos,
1261 1593 1413 1650 inquit,
1450 1608 1588 1650 qenus
1601 1609 1643 1636 ib.
1655 1608 1682 1635 ⁹.

100 1653 287 1708 electum,
330 1669 376 1696 re
409 1653 475 1696 ale
519 1654 822 1696 sacerdotium.
882 1651 921 1694 O
966 1657 1125 1707 quanta
1164 1649 1408 1692 Conditoris
1455 1649 1588 1691 nostri

99 1709 252 1768 gratia,
279 1715 328 1752 ut
354 1710 368 1751 i
428 1710 570 1767 ipsum
607 1709 722 1766 quod
757 1709 852 1766 ipse
885 1714 950 1751 est
978 1709 1022 1748 in
1051 1707 1146 1763 ipsa
1176 1720 1346 1763 quoque
1375 1706 1430 1748 sit
1458 1704 1587 1748 eccle-

99 1768 178 1822 sia,
207 1766 295 1824 qui,
325 1780 422 1808 cum
443 1766 499 1808 sit
522 1780 599 1808 rex
628 1772 670 1808 et
689 1765 902 1818 sacerdos,
930 1764 1062 1805 immo
1092 1777 1172 1804 rex
1200 1777 1352 1818 regum
1380 1768 1423 1804 et
1451 1776 1588 1804 sacer-

101 1823 180 1867 dos
213 1821 496 1875 sacerdotum,
537 1822 684 1864 statuit
720 1820 924 1864 ecclesiae
962 1819 1206 1862 domesticis
1244 1818 1368 1860 huius
1398 1818 1588 1861 donativi

100 1878 388 1938 privilegium,
410 1885 458 1921 ut
477 1878 562 1921 sint
581 1877 722 1935 regale
742 1876 1041 1920 sacerdotium.
1079 1875 1174 1917 Hoc
1191 1880 1355 1917 tantum
1375 1880 1590 1917 merentur

132 1935 285 1989 acifici,
322 1935 398 1992 qui
433 1940 531 1977 sunt
566 1935 789 1976 unanimes
829 1933 873 1974 in
909 1931 1091 1974 ecclesia
1125 1930 1296 1984 Christi,
1334 1931 1377 1972 in
1417 1931 1589 1973 civitate

101 1950 201 2047 Boi,
237 2005 336 2035 cum
370 1989 533 2047 absque
564 1990 679 2031 omni
708 1988 1070 2031 contradictioneb
1106 1987 1346 2043 pertineant
1373 1985 1589 2028 discordes

102 2046 160 2090 ad
189 2047 405 2091 civitatem
430 2045 601 2098 diaboli,
630 2059 709 2087 nec
737 2045 991 2100 resipiscant
1018 2058 1044 2085 a
1067 2041 1231 2098 laqueis
1248 2041 1420 2095 diaboli,
1449 2056 1475 2083 a
1504 2055 1589 2098 quo

104 2109 301 2146 tenentur
329 2103 500 2159 captivi.
555 2101 623 2144 De
654 2100 800 2143 ordine
829 2106 971 2143 autem
1002 2099 1135 2155 pacis,
1165 2111 1275 2155 quae
1305 2105 1368 2140 est
1398 2096 1591 2140 ordinata

102 2158 337 2202 concordia
371 2158 607 2210 hominum,
647 2155 830 2214 plurima
865 2155 1013 2198 scribit
1041 2160 1214 2196 sanctus
1245 2153 1511 2210 Augustinus
1546 2154 1590 2195 in

107 2215 173 2259 19.
196 2214 306 2259 libro
335 2213 389 2258 de
418 2214 589 2257 civitate
621 2213 718 2266 Dei,
747 2212 859 2255 unde
889 2211 993 2254 haec
1024 2224 1173 2267 pauca,
1204 2224 1314 2267 quae
1343 2217 1590 2267 sequuntur,

105 2272 398 2329 excerpsimus
428 2285 504 2326 pro
535 2268 714 2312 utilitate
742 2268 978 2326 praesentis
1008 2265 1214 2323 opusculi.

219 2331 364 2366 Οιιιηίε1
388 2329 498 2376 igitur
523 2341 608 2363 usus
634 2341 752 2364 rerum
785 2328 1029 2372 temporalium
1053 2327 1207 2370 refertur
1240 2325 1288 2359 ad
1302 2326 1466 2369 fructum
1486 2325 1590 2369 pacis

106 2384 265 2415 terrenae
289 2381 327 2414 in
348 2385 488 2414 terrena
513 2378 664 2420 civitate,
689 2378 727 2412 in
744 2378 884 2412 caelesti
904 2381 1020 2410 autem
1037 2375 1175 2409 civitate
1192 2374 1346 2418 refertur
1371 2375 1419 2408 acl
1428 2376 1590 2419 fructum

101 2429 205 2474 pacis
231 2435 403 2463 aeternae.
444 2427 650 2470 Quamdiu³
676 2427 766 2461 enim
787 2425 985 2470 permixtae
1011 2429 1092 2458 sunt
1117 2424 1239 2457 ambae
1265 2424 1432 2465 civitatee,
1459 2423 1591 2456 utimur

107 2484 140 2513 et
163 2490 227 2512 nos
246 2490 338 2522 pace
364 2477 571 2521 Babylonis,
598 2488 640 2510 ea:
665 2488 736 2520 qua
762 2476 813 2508 ita
832 2486 902 2519 per
916 2474 1028 2519 fidem
1047 2473 1204 2517 populus
1231 2471 1301 2505 Dei
1335 2471 1516 2513 liberatur,
1552 2478 1590 2505 ut

107 2527 206 2571 apud
243 2527 334 2561 hauc
367 2527 506 2561 interim
534 2526 799 2570 pereyrinetur5
827 2530 973 2567 propter
1006 2523 1099 2566 quod
1133 2527 1163 2555 et
1197 2521 1375 2564 apostolus
1408 2521 1591 2554 admonuit
1607 2523 1805 2558 1.'1'1m.2,1.2.

108 2575 298 2618 eccleciam,
323 2581 362 2609 ut
388 2579 504 2609 oraret
522 2586 593 2618 pro
618 2574 758 2620 regibus
785 2573 859 2607 eius
886 2579 988 2616 atque
1011 2570 1226 2611 sublimibus,
1254 2570 1388 2604 addens
1410 2574 1441 2604 et
1458 2568 1589 2610 dicens,

108 2629 147 2657 ut
171 2624 323 2668 quietam
356 2630 388 2659 et
421 2623 650 2667 tranquillam
684 2634 830 2667 cyamus
864 2621 970 2655 vitam
1003 2632 1081 2654 cum
1107 2618 1200 2653 omni
1219 2619 1352 2662 pietate
1378 2623 1409 2652 et
1433 2619 1590 2653 caritate.

110 2750 142 2786 ι)
164 2757 270 2778 omne·
291 2758 317 2778 a.
337 2759 366 2784 q.
385 2759 413 2778 ιι.
433 2752 623 2779 contendunt
644 2759 675 2785 p.
696 2751 835 2778 amicitia
856 2750 959 2777 Amce.
1021 2747 1052 2782 b)
1076 2747 1284 2774 contractione
1298 2748 1334 2780 ις
1354 2747 1589 2775 σικεπά.8ε1ιανά.

110 2857 147 2901 1)
170 2858 275 2941 {giliel
300 2858 323 2893 1.
352 2869 382 2891 c.
409 2870 443 2903 p.
471 2857 553 2892 618.
653 2858 691 2901 2)
717 2858 907 2902 Augustini
934 2867 1042 2900 opera
1067 2855 1151 2894 VII,
1178 2865 1212 2899 p.
1235 2852 1317 2888 558.
1432 2852 1472 2897 3)
1498 2852 1591 2887 Ibid.

108 2919 143 2952 p.
243 2932 252 2942 .
