1878 3308
128 585 154 610 1.
163 584 247 610 Petr.
262 585 288 618 2,

147 624 256 651 18.14.

127 799 153 824 1.
168 798 247 824 Tim.
262 798 290 831 2,

175 837 261 863 1-4.

157 1213 215 1239 Ier.
227 1212 255 1246 9,
266 1213 293 1240 1.

299 302 346 334 46
545 301 612 334 DE
639 300 850 334 UNITATE
878 297 1152 332 ECCLESIAE
1186 296 1554 331 CONSERVANDA.

301 420 518 466 tenemus,
577 413 652 469 qui
701 411 824 454 bonis
875 409 1074 452 omnibus
1123 410 1436 451 consentientes
1494 422 1667 458 sumus,
1726 409 1800 464 qui

301 484 451 526 pacem
496 483 692 510 amamus
738 475 781 510 et
828 466 1136 508 fraternitatem
1186 464 1423 521 diligimus,
1469 465 1543 522 qui
1591 463 1803 522 impendi-

302 540 399 567 mus
448 525 674 579 honorem,
725 524 796 565 cui
845 521 1053 564 debemus
1103 520 1332 574 honorem,
1383 520 1459 577 qui
1511 521 1633 563 iuxta
1680 535 1801 577 prae-

303 587 476 638 ceptum
498 581 614 623 Petri
639 579 822 636 apostoli
845 577 1028 620 subiecti
1059 591 1207 619 sumus
1237 576 1354 618 omni
1377 582 1596 619 creaturae
1624 583 1804 634 propter

303 638 460 691 Deum,
510 637 602 678 sive
645 637 739 692 regi
782 642 987 691 tanquam
1030 632 1307 690 praecellenti
1351 633 1442 675 sive
1486 632 1669 675 ducibus
1712 641 1803 675 tan-

305 708 433 750 quam
471 707 497 734 a
526 692 623 735 Deo
663 692 819 746 missis,
858 698 901 733 et
933 705 1019 732 non
1050 696 1216 732 tantum
1246 688 1372 731 bonis
1409 694 1452 730 et
1478 688 1697 743 modestis,
1727 688 1804 731 sed

305 750 434 792 etiam
474 748 675 805 dyscolis,
715 748 761 789 id
801 754 866 790 est
903 745 1244 802 indisciplinatis,
1283 746 1357 802 qui
1391 744 1642 787 confitemur
1679 745 1805 787 iuxta

306 806 545 848 doctrinam
584 803 709 846 Pauli
740 803 936 860 apostoli,
977 802 1139 845 bonum
1179 816 1273 843 esse
1311 810 1353 843 et
1389 807 1618 857 acceptum
1657 815 1803 843 coram

307 862 518 904 salvatore
549 861 645 902 Deo
684 867 844 913 nostro,
884 859 959 916 qui
996 873 1143 901 omnes
1181 857 1376 899 homines
1406 856 1499 899 vult
1532 855 1672 899 salvos
1709 856 1804 900 fieri

305 925 348 960 et
377 918 432 959 ad
462 918 725 973 agnitionem
755 916 947 958 veritatis
977 915 1136 968 venire,
1173 921 1221 956 ut
1259 914 1444 970 primum
1480 914 1670 955 omnium
1699 913 1805 956 fiant

306 974 636 1027 obsecrationes,
684 973 909 1025 orationes,
963 970 1286 1027 postulationes,
1330 970 1569 1025 gratiarum
1612 969 1805 1012 actiones

304 1044 383 1088 pro
429 1030 629 1072 omnibus
673 1028 942 1080 hominibus,
987 1041 1064 1083 pro
1103 1027 1279 1082 regibus
1321 1033 1364 1068 et
1404 1025 1603 1068 omnibus
1640 1025 1716 1082 qui
1758 1026 1804 1067 in

305 1085 567 1129 sublimitate
594 1091 704 1139 sunt,
735 1091 782 1126 ut
812 1085 999 1141 quietam
1029 1089 1072 1126 et
1099 1081 1374 1139 tranquillam
1394 1082 1526 1124 vitam
1556 1095 1736 1137 agamus
1759 1082 1805 1123 in

306 1143 423 1185 omni
453 1143 612 1198 pietate
643 1147 685 1183 et
715 1141 923 1194 castitate,
954 1154 1033 1181 nos
1062 1153 1180 1192 vero,
1212 1140 1285 1195 qui
1315 1145 1514 1194 optamus
1544 1138 1674 1180 etiam
1703 1151 1802 1180 cum

336 1197 531 1255 ropheta,
569 1197 662 1239 dari
693 1197 825 1253 capiti
854 1202 999 1238 nostro
1030 1209 1190 1252 aquam
1219 1202 1262 1237 et
1291 1193 1426 1236 oculis
1455 1193 1612 1236 nostris
1640 1192 1803 1236 fontem

320 1256 592 1308 acrimarum,
622 1259 670 1295 ut
698 1253 915 1309 ploremus
945 1252 1014 1293 die
1045 1259 1087 1294 et
1105 1258 1230 1293 nocte
1250 1250 1496 1293 interfectos
1521 1249 1634 1292 filiae
1654 1249 1804 1306 populi

305 1311 453 1364 nostri,
484 1324 576 1363 nos,
607 1311 798 1366 inquam,
830 1307 1098 1365 praeiudicat
1117 1307 1187 1349 ille
1207 1308 1402 1363 scriptor,
1428 1305 1589 1358 dicens,
1610 1319 1689 1348 nos
1709 1320 1804 1348 esse

307 1367 573 1410 scismaticos
595 1373 637 1408 et
656 1366 868 1408 hereticos
898 1371 942 1407 et
961 1363 1370 1418 excommunicatos,
1401 1363 1504 1419 quia
1521 1362 1667 1418 regiae
1687 1369 1807 1418 pote-

309 1424 408 1466 stati
436 1437 524 1464 non
552 1422 791 1464 resistimus
822 1427 864 1463 et
894 1421 996 1476 quia
1017 1419 1228 1463 Clementi
1256 1433 1395 1475 papae
1421 1418 1802 1460 communicamus.

420 1480 461 1521 4.
525 1477 643 1527 Quid
689 1477 958 1529 inviolabile,
1007 1477 1186 1532 inquit1,
1235 1476 1443 1530 baptismi
1483 1481 1806 1518 sacramentum

311 1536 436 1592 apud
456 1536 722 1577 scismaticos
750 1540 789 1575 et
814 1534 1020 1576 hereticos
1048 1539 1087 1575 et
1114 1533 1508 1575 eaecommunioatos
1535 1531 1693 1584 valeat,
1723 1531 1805 1572 Isi-

311 1593 445 1634 dorus
474 1593 523 1633 in
545 1590 862 1647 allegoriarum
881 1590 990 1632 libro
1022 1603 1156 1643 super
1177 1588 1366 1630 Genesin
1397 1586 1632 1629 declarat².
1677 1585 1806 1634 Quod

304 1653 486 1703 praeter
529 1662 693 1699 arcam,
741 1647 816 1699 ait,
855 1647 995 1688 omnis
1034 1660 1152 1698 caro,
1191 1660 1322 1700 quam
1359 1650 1477 1685 terra
1522 1642 1806 1696 sustentabat,

311 1704 479 1746 diluvio
524 1708 784 1757 consumpta
826 1708 899 1754 est,
949 1701 1187 1757 siqnifi'cat,
1232 1701 1340 1755 quia
1375 1704 1557 1754 praeter
1601 1698 1806 1741 ecclesiae

312 1760 554 1802 societatem
593 1773 712 1814 aqua
750 1758 969 1812 baptismi,
1011 1772 1107 1798 cum
1145 1757 1291 1798 eadem
1331 1756 1388 1797 sit
1423 1756 1504 1807 vis,
1540 1769 1630 1797 non
1666 1754 1806 1796 solum

313 1831 401 1857 non
422 1814 535 1856 valet
566 1815 626 1856 ad
646 1813 841 1866 salutem,
871 1814 944 1854 sed
964 1813 1074 1854 valet
1088 1815 1242 1867 potius
1274 1811 1334 1853 ad
1355 1811 1613 1866 perniciem.
1653 1809 1804 1853 Scien-
1847 1809 1850 1811 ’

313 1872 418 1913 dum
439 1876 593 1923 autem,
615 1871 730 1926 quod
760 1869 1015 1924 Wiyberdus
1046 1870 1221 1924 arquitss
1243 1868 1477 1909 catholicos
1498 1881 1705 1923 asserere,
1725 1865 1807 1908 illa

315 1942 425 1983 quae
445 1926 567 1980 fiunt
596 1932 722 1967 eoetra
752 1925 972 1968 ecclesiam
1002 1930 1279 1966 sacramenta
1315 1938 1403 1966 non
1440 1937 1527 1965 esse
1563 1937 1641 1965 nec
1679 1922 1807 1964 aliud

314 1998 446 2039 quam
474 1984 799 2024 damnationem
828 1983 1034 2037 cuiquam
1061 1980 1271 2035 conferre,
1302 1985 1516 2033 astruens,
1545 1984 1662 2021 tama
1681 1984 1808 2020 eaetra

315 2054 445 2094 quam
479 2040 603 2080 intra
641 2038 900 2080 catholicam
936 2037 1160 2079 ecclesiam
1189 2037 1295 2078 haee
1327 2035 1475 2078 omnia
1503 2041 1607 2077 rata
1636 2040 1676 2077 et
1703 2048 1809 2076 vera

316 2096 510 2147 existere,
543 2095 808 2150 assumitque
837 2095 887 2135 in
918 2095 1210 2135 testimonium
1239 2092 1495 2134 assertionis
1524 2105 1631 2133 suae
1651 2089 1806 2147 Augu-

317 2153 425 2193 stini
445 2152 701 2193 sententiam
721 2152 769 2192 in
793 2150 982 2206 quodam
1001 2155 1195 2190 tractatu
1223 2150 1273 2190 in
1295 2147 1572 2204 euanqelium
1591 2147 1808 2188 Iohannis

317 2213 471 2250 contra
499 2207 789 2261 rebaptizatos
818 2207 993 2248 editam.
1037 2206 1122 2246 ‘Ita
1152 2206 1280 2261 eryo’,
1308 2205 1456 2259 inquit
1483 2202 1764 2259 Augustinus
1776 2207 1808 2255 ⁴,

317 2268 409 2305 ‘nec
432 2262 558 2317 foris
596 2264 709 2304 sicut
742 2277 819 2305 nec
858 2263 978 2303 intus
1009 2263 1255 2317 quisquam,
1294 2262 1372 2315 qui
1400 2273 1454 2300 ex
1476 2265 1608 2314 parte
1643 2257 1810 2300 diaboli

318 2325 391 2372 est,
414 2325 555 2374 potest
584 2318 649 2359 vel
676 2319 726 2359 in
746 2333 788 2360 se
818 2318 884 2359 vel
915 2319 964 2359 in
991 2332 1209 2372 quoquam
1238 2315 1461 2357 maculare
1489 2319 1811 2356 sacramentum

319 2375 435 2431 quod
477 2374 640 2417 Christi
676 2376 762 2416 est'.
825 2371 966 2421 Quam
1003 2379 1041 2414 et
1076 2387 1156 2414 nos
1199 2373 1454 2412 sententiam
1479 2368 1674 2423 fideliter
1717 2384 1809 2411 am-

312 2430 544 2485 plectentes
571 2430 897 2485 respondemus,
928 2429 1004 2470 hoc
1026 2428 1326 2484 Auyustinum
1357 2426 1408 2467 de
1437 2425 1540 2478 solo,
1571 2426 1687 2468 unde
1706 2431 1810 2467 tunc

320 2486 544 2542 agebatur,
583 2486 789 2540 baptismi
828 2485 995 2527 dimisse
1034 2489 1320 2525 sacramento.
1379 2481 1437 2523 Et
1473 2481 1518 2522 in
1555 2480 1640 2523 fine
1674 2481 1811 2537 ipsius

320 2540 546 2639 {pistolaffl
582 2541 848 2582 Intuendum
878 2541 1019 2593 etiam,
1050 2539 1201 2595 inquit,
1233 2538 1348 2594 quod
1377 2538 1454 2592 qui
1482 2536 1710 2593 Wiyberdo
1745 2536 1810 2578 vel

367 2598 542 2639 enricho
551 2596 726 2651 favent,
758 2602 835 2638 aut
856 2595 1109 2650 temporalis
1130 2594 1341 2637 commodi
1360 2600 1558 2648 respectu
1578 2592 1643 2635 vel
1662 2593 1812 2635 huma-

320 2729 350 2764 ε.)
373 2731 434 2756 iam
458 2732 484 2756 1.
507 2729 651 2755 Freherus
671 2729 837 2757 emendavit.

323 2844 358 2885 1)
394 2844 454 2878 Sc.
480 2842 705 2875 adversarius
718 2827 732 2883 3¹
762 2842 807 2874 cf.
834 2841 1104 2884 praefationem.
1215 2841 1250 2882 2)
1285 2839 1417 2872 Isidori
1441 2838 1668 2882 Hispalensis
1695 2838 1815 2880 Opera
1844 2868 1846 2870 ,

322 2892 379 2926 ed.
413 2891 565 2925 Arevalo
593 2892 637 2930 V,
675 2903 711 2934 p.
739 2890 821 2923 288.
947 2891 984 2932 3)
1018 2890 1062 2922 In
1094 2889 1159 2922 illa
1201 2888 1365 2932 epistula,
1404 2886 1498 2920 Jaffe
1532 2888 1576 2928 V,
1612 2886 1692 2919 147.
1730 2885 1813 2918 148.

321 2940 360 2984 4)
386 2941 441 2974 Of.
459 2941 649 2984 Augustini
668 2940 713 2972 de
732 2940 908 2983 baptismo
937 2943 1060 2972 contra
1085 2939 1295 2972 Donatistas
1321 2937 1344 2970 l.
1365 2937 1428 2979 IV,
1448 2937 1482 2976 5,
1510 2936 1630 2980 Opera
1647 2935 1711 2976 IX,
1733 2934 1814 2968 124.
