1878 3308
197 437 289 472 (ΧΠ)

92 1645 191 1673 1.Pet.
205 1645 289 1679 2,17.

182 1759 249 1786 Iud.
263 1758 291 1784 8.

98 1869 192 1898 Hebr.
208 1871 253 1904 12,
265 1871 291 1896 2.

98 1983 192 2009 Hebr.
208 1984 253 2017 12,
263 1984 289 2010 1.

305 309 349 341 62
557 309 624 342 DE
652 307 864 342 UNITATE
891 307 1165 342 ECCLESIAE
1194 308 1562 343 CONSERVANDA.

305 423 525 464 humanae
545 422 713 477 9l0riae
729 419 916 475 faciunt
947 420 1023 462 hoc
1054 421 1232 464 intuitu.
1283 420 1405 463 Sicut
1433 420 1582 463 scribit
1602 419 1801 463 Gelasius

304 486 458 535 papa¹7
486 488 556 520 duo
576 492 678 528 sunt,
705 486 831 529 quibus
840 485 1092 529 principaliter
1104 486 1259 520 mundus
1277 486 1333 519 bic
1353 486 1499 531 regitur,
1527 487 1722 520 auctoritas
1742 499 1800 521 sa-

304 543 406 571 erata
418 536 623 580 pontificum
636 539 667 569 et
679 535 810 579 regalis
818 538 987 578 potestas.
1007 534 1182 568 Obri’stus'³
1197 535 1298 576 enim,
1313 546 1444 568 memor
1446 535 1660 579 fraqilitatis
1675 535 1801 570 huma-

302 598 383 628 nae,
403 586 497 629 quod
514 595 659 618 suorum
676 584 785 617 saluti
802 587 1006 627 congrueret
1023 583 1285 627 dispensatione
1302 584 1491 628 magnifica
1507 584 1723 628 temperavit,
1751 586 1802 624 sio

304 635 501 670 actionibus
529 632 691 677 propriis
723 632 1024 678 dignitatibusque
1058 632 1233 667 distinctis
1260 632 1379 676 officia
1406 633 1593 676 potestatis
1619 633 1802 677 utriusque

302 684 480 726 discrevit,
508 693 589 715 suos
615 682 734 715 volens
758 680 965 715 medicinali
990 681 1187 715 humilitate
1204 681 1351 723 salvari,
1369 693 1441 715 non
1458 681 1619 716 humana
1635 682 1803 726 superbia

302 733 476 777 intercipi,
495 736 533 764 ut
551 737 583 765 et
601 729 787 764 christiani
802 731 1031 774 imperatores
1039 742 1111 774 pro
1125 735 1270 764 aeterna
1282 730 1358 763 vita
1365 730 1591 774 pontificibus
1603 730 1802 775 indigerent

303 787 334 816 et
362 782 547 825 pontifices
574 791 643 823 pro
676 779 922 822 temporalium
955 791 1062 813 cursu
1093 791 1212 814 rerum
1242 778 1486 823 imperialibus
1511 779 1801 823 dispositionibus

302 836 495 873 uterentur,
515 828 684 872 quatinus
701 829 874 872 spiritalis
890 827 980 862 actio
996 840 1019 861 a
1037 828 1286 872 temporalibus
1301 827 1450 862 distaret
1462 827 1663 862 incursibus
1681 833 1713 862 et
1725 829 1802 863 Deo

303 879 459 913 militans
486 877 628 911 minime
652 889 688 911 se
714 877 861 922 neqotiis
888 877 1130 911 saecularibus
1155 875 1367 920 implicaret,
1401 883 1432 911 et
1465 876 1620 912 vicissim.
1644 889 1716 911 non
1740 876 1799 912 ille

303 929 407 962 rebus
433 927 566 962 divinis
587 925 796 970 praesidere
823 926 1015 968 videretur,
1043 927 1104 969 qui
1130 932 1217 960 esset
1243 926 1389 970 negotiis
1414 926 1659 960 saecularibus
1684 926 1801 970 impli-

303 984 415 1018 catus,
438 983 477 1010 ut
504 981 535 1010 et
559 975 732 1009 modestia
756 975 940 1017 utriusque
966 975 1102 1009 ordinis
1129 981 1327 1017 curaretur,
1352 986 1396 1008 ne
1413 976 1637 1010 eoetolleretur
1654 981 1801 1019 utroque

303 1027 481 1070 suffultus,
517 1030 548 1059 et
581 1029 776 1067 competens
803 1024 1037 1067 qualitatibus
1075 1023 1250 1058 actionum
1276 1023 1475 1067 specialiter
1492 1023 1671 1068 professio
1698 1028 1801 1068 apta·

302 1087 411 1115 retur.
454 1069 581 1112 Hanc
610 1070 697 1111 Dei
727 1069 1091 1126 dispensationem
1122 1069 1313 1126 quisquis
1343 1067 1570 1125 diligenter
1607 1069 1799 1112 conside-

301 1132 367 1169 rat
410 1128 534 1169 iuxta
579 1125 770 1167 divinam
811 1125 1035 1182 utriusque
1076 1125 1300 1182 potestatis
1341 1124 1667 1179 ordinationem,
1704 1140 1798 1182 per-

303 1182 457 1247 spiciet
495 1197 610 1236 sane,
647 1182 692 1223 in
722 1181 805 1224 hoc
835 1195 1005 1238 quoque
1034 1196 1112 1237 per
1141 1179 1471 1224 Hildebrantum
1501 1188 1543 1225 et
1572 1181 1802 1239 episcopos

305 1253 396 1281 elus
426 1253 626 1294 magnam
653 1243 874 1294 operatam
903 1252 996 1280 esse
1026 1238 1307 1295 iniquitatem,
1338 1238 1423 1294 qui,
1445 1251 1544 1280 cum
1564 1252 1642 1295 pro
1662 1238 1801 1293 ponti·

302 1293 417 1337 ficali
458 1294 666 1350 dignitate
703 1308 790 1336 non
829 1293 1035 1337 deberent
1070 1293 1137 1336 vel
1173 1294 1356 1359 negotiis
1387 1293 1678 1336 saecularibus
1709 1309 1802 1337 sese

301 1349 543 1407 implicare,
581 1357 898 1406 usurpaverunt
937 1349 1019 1392 sibi
1058 1349 1368 1392 ordinatlonem
1406 1350 1551 1405 regiae
1581 1349 1801 1406 dignitatis

305 1413 453 1449 contra
482 1407 566 1449 Dei
605 1406 916 1449 ordinationem
956 1413 998 1448 et
1036 1412 1186 1448 contra
1214 1421 1341 1448 usum
1371 1411 1499 1463 atque
1529 1405 1799 1463 disciplinam

305 1462 538 1517 ecclesiae;
568 1469 610 1505 et
639 1463 740 1519 quia
767 1463 852 1519 ipsi
881 1461 1108 1505 noluerunt
1136 1461 1404 1505 Henrichum
1432 1477 1580 1519 regem
1606 1477 1802 1519 regnare,

304 1519 464 1561 idcirco
493 1518 629 1561 noluit
659 1520 786 1562 etiam
807 1519 992 1575 scriptor
1011 1519 1260 1583 propositae
1290 1517 1495 1574 epistolae
1523 1533 1570 1561 re
1602 1534 1671 1560 em
1700 1533 1799 1562 eum

303 1574 536 1632 appellare,
567 1574 643 1617 sed
673 1575 781 1617 miro
814 1577 941 1617 modo
971 1589 1070 1616 eum
1101 1574 1386 1628 1nhonoravit,
1415 1589 1540 1631 quem
1617 1589 1694 1618 eus
1723 1589 1801 1631 per

303 1630 546 1687 apostolum
586 1646 712 1673 suum
742 1632 914 1674 Petrum
955 1630 1237 1673 honorificare
1266 1631 1490 1688 praecipit,
1525 1631 1729 1688 quoniam
1758 1637 1801 1674 et

303 1686 439 1729 honor
468 1688 582 1742 regis
611 1687 819 1729 iudicium
849 1686 1001 1742 diligit.
1059 1687 1116 1729 Et
1155 1687 1257 1743 quia
1284 1701 1363 1728 nos
1393 1687 1576 1730 instituti
1606 1686 1802 1730 doctrina

303 1742 487 1799 apostoli
514 1743 651 1785 Iudae
679 1757 765 1784 non
794 1742 1110 1799 praesumimus
1136 1742 1470 1784 dominationem
1499 1757 1700 1799 spernere
1729 1743 1802 1785 vel

305 1800 572 1842 maiestatem
611 1798 924 1855 blasphemare,
964 1798 1208 1841 iudicamur
1236 1799 1431 1841 extranei
1460 1813 1554 1842 esse
1582 1799 1637 1841 ab
1668 1799 1800 1842 eccle·
1849 1804 1851 1806 ’

306 1856 478 1898 siastica
517 1856 831 1908 communione,
870 1870 970 1897 cum
1006 1855 1263 1911 aspicientes
1301 1855 1346 1896 in
1381 1861 1599 1898 auctorem
1628 1855 1729 1898 fidei
1759 1861 1801 1898 et

306 1917 698 1954 consummatorem
740 1912 899 1965 Iesum,
948 1910 1181 1953 reddamus
1225 1912 1425 1967 potestati
1467 1925 1494 1953 a
1534 1911 1631 1953 Deo
1675 1911 1800 1955 nobis

304 1967 519 2025 praelatae
557 1967 691 2010 debiti
729 1967 902 2009 honoris
939 1966 1204 2023 suffragium,
1245 1971 1460 2022 ‘magnam
1488 1966 1694 2010 habentes
1723 1968 1799 2010 im-

337 2025 490 2066 ositam
525 2024 687 2066 nubem
724 2024 921 2078 testium,
965 2038 1044 2080 per
1081 2038 1264 2080 quorum
1306 2023 1557 2080 patientiam
1595 2022 1723 2066 simul
1758 2031 1801 2066 et

335 2081 544 2124 octrinam
603 2095 825 2123 curramus
891 2080 947 2122 ad
1003 2080 1217 2136 propositi
1275 2079 1517 2122 certaminis
1574 2079 1799 2122 bravium'.

307 2136 491 2179 Sanctus
519 2137 634 2179 enim
665 2136 753 2179 Gre
786 2137 902 2178 orius
931 2137 976 2178 in
1005 2136 1116 2179 libro
1147 2135 1200 2178 de
1261 2135 1433 2178 astorali
1467 2149 1571 2178 cura
1599 2135 1803 2193 proponit

304 2193 430 2236 nobis
469 2192 716 2249 exemplum
791 2191 898 2234 aulis
937 2198 1067 2249 atque
1097 2150 1258 2245 Davisii
1295 2191 1509 2249 quomodo
1539 2190 1643 2234 boni
1672 2193 1800 2235 etiam

305 2255 433 2306 atque
463 2250 696 2292 eminentes
725 2249 770 2290 in
791 2248 974 2291 ecclesia
993 2249 1077 2290 viri
1106 2246 1290 2290 debeant
1318 2247 1441 2289 malis
1471 2261 1555 2304 quo
1586 2262 1640 2290 ue
1667 2254 1803 2291 recto-

304 2304 423 2347 ribus
453 2304 614 2348 subditi
643 2320 748 2358 esse,
779 2306 903 2347 iuxta
933 2304 1048 2362 quod
1076 2303 1223 2347 David
1252 2302 1424 2346 Saulem
1452 2310 1578 2359 pertu
1597 2304 1642 2356 it,
1673 2317 1802 2360 quem

304 2361 506 2403 videlicet
533 2361 858 2403 infestissimum
887 2367 1205 2417 persecutorem
1235 2373 1360 2401 suum
1392 2373 1488 2400 cum
1516 2365 1663 2415 posset
1692 2360 1801 2402 occi-

306 2416 418 2470 dere,
440 2415 577 2459 noluit
597 2417 842 2471 occidere³;
874 2417 1050 2473 insuper
1079 2422 1122 2458 et
1140 2416 1257 2457 viros
1277 2429 1391 2468 suos,
1420 2429 1475 2456 ne
1495 2422 1804 2471 consurgerent

306 2472 351 2513 in
391 2487 502 2525 eum,
542 2472 810 2515 sermonibus
841 2472 1064 2528 confregit,
1095 2477 1138 2513 et
1167 2470 1281 2527 quod
1311 2469 1380 2512 vel
1410 2485 1529 2512 oram
1559 2470 1799 2527 chlamydis

307 2542 409 2570 suae
439 2527 708 2581 abscidisset,
739 2529 962 2584 poenituit.
1004 2526 1132 2580 Quod
1152 2541 1253 2569 vero
1283 2527 1353 2568 hic
1384 2541 1576 2568 summus
1604 2527 1800 2583 pontifex

308 2590 350 2626 et
387 2584 595 2626 virtutum
633 2584 787 2627 artifex
822 2583 980 2639 legitur
1014 2583 1290 2640 proposuisse
1330 2589 1372 2624 et
1408 2582 1620 2637 docuisse,
1651 2583 1802 2626 credas

309 2653 454 2681 omnes
496 2647 665 2682 sanctos
705 2646 848 2696 patres
885 2639 1047 2696 pariter
1085 2645 1128 2681 et
1163 2638 1316 2681 fecisse
1350 2644 1393 2681 et
1421 2637 1633 2682 docuisse.
1690 2649 1800 2692 Boni,

307 2696 446 2752 inquit
456 2702 487 2748 ⁴,
519 2705 662 2748 subditi,
688 2706 721 2739 si
745 2707 889 2750 quando
909 2717 979 2748 pro
1006 2704 1208 2748 infirmitate
1233 2716 1269 2738 se
1296 2705 1469 2738 abstinere
1495 2703 1556 2737 vix
1575 2709 1737 2747 possunt,
1764 2709 1804 2738 ut

308 2760 463 2789 extrema
487 2755 665 2798 quaedam
692 2759 796 2798 atque
823 2754 998 2789 exteriora
1019 2753 1306 2797 praepositorum
1331 2754 1438 2795 mala,
1467 2753 1530 2787 sed
1555 2759 1671 2787 tamen
1688 2752 1802 2786 humi-

308 2805 387 2838 liter
420 2805 621 2847 loquantur,
653 2803 759 2847 quasi
790 2815 891 2837 oram
924 2803 1120 2846 chlamydis
1153 2802 1294 2836 silenter
1318 2802 1492 2844 incidunt,
1519 2802 1605 2845 quia
1630 2801 1801 2843 videlicet,

311 2906 347 2949 1)
374 2908 531 2941 Tractat.
559 2908 623 2947 IV,
649 2908 752 2941 Thiel
778 2909 809 2950 1,
845 2920 879 2952 p.
908 2907 989 2942 350.
1025 2912 1061 2941 et
1086 2908 1168 2940 351.
1420 2907 1456 2948 2)
1483 2906 1626 2940 Ibidem
1652 2917 1687 2950 p.
1716 2905 1799 2939 568.

308 2957 345 2997 3)
373 2957 427 2991 cf.
454 2958 505 2996 II,
534 2957 564 2991 1.
666 2958 703 2999 4)
732 2958 897 3000 Gregorii
924 2959 1044 3001 Opera
1069 2957 1119 2998 11,
1146 2967 1180 2999 p.
1208 2955 1266 2989 39.
