1878 3308
95 449 165 476 1011.
180 449 226 483 ιε,
236 449 282 476 ss.

301 319 346 352 52
554 319 622 352 DE
651 319 861 352 UNITATE
890 318 1163 352 ECOLESIAE
1190 319 1557 354 CONSERVANDA.

297 436 432 470 locutus
458 447 535 470 sum
561 435 670 476 vobis,
697 441 735 468 ut
761 435 799 468 in
827 446 880 468 me
902 446 1026 478 pacem
1053 435 1233 474 haheatiu
1258 434 1297 468 in
1313 435 1376 468 Ιιοσ
1394 440 1510 470 autem
1526 436 1659 470 ‘mundo
1685 436 1795 470 tribu-

297 485 462 519 lationem
488 484 670 526 habebitis,
704 485 766 518 sed
792 484 962 528 confidite,
990 484 1078 526 quia
1103 495 1164 528 eqo
1189 483 1260 518 vici
1284 483 1478 518 mundum'.
1532 485 1633 526 Quae
1652 485 1793 530 pollici-

295 534 443 568 tationes
476 534 562 577 quia
597 533 671 566 sine
708 533 815 567 dubio
842 533 1054 576 manifestae
1081 537 1174 574 sunt,
1201 532 1308 566 nullis
1334 533 1497 567 dehemus
1524 534 1706 568 scandalis
1740 535 1793 568 in-

284 582 440 626 firmari,
469 594 512 616 oze
540 582 698 617 electioni
722 581 793 615 Dei
817 581 1008 616 videamur
1033 581 1177 625 ingrati,
1205 580 1307 614 cuius
1333 586 1402 614 tam
1425 582 1586 625 potentia
1611 587 1693 616 eunt
1729 584 1794 617 ad-

78 922 282 955 1.cor.11,19.

79 1540 189 1566 1.Petr.
206 1538 284 1572 2,13.

98 1653 185 1680 Rom.
199 1651 246 1685 13,
258 1651 286 1677 2.

77 1764 116 1792 cf.
130 1766 182 1792 Es.
195 1764 224 1798 7,
235 1763 282 1789 20.

130 1878 179 1905 Es.
193 1877 219 1911 3,
235 1877 281 1903 12.

97 1989 205 2016 Matth.
217 1989 244 2023 5,
255 1989 282 2015 9.

111 2079 221 2106 Matth.
234 2079 282 2112 22,

95 2158 160 2184 Iob.
176 2120 284 2192 34¹,st

79 2715 279 2750 Apoc.19,10.

294 638 436 678 iutoria,
456 648 563 681 quam
583 648 670 672 vera
687 641 770 670 sunt
781 636 971 680 promissa.
1012 626 1133 668 Haec
1155 632 1196 668 et
1216 626 1426 668 eiusmodi
1446 626 1561 670 dicta
1579 628 1739 684 pariter
1753 635 1807 671 et*

293 683 406 725 facta
434 682 549 724 beati
570 682 728 724 Leonis
758 696 897 738 papae
928 682 963 723 si
985 682 1081 738 quis
1105 681 1331 737 diligenter
1350 681 1542 738 attendit,
1573 683 1794 727 conferens

294 739 422 781 etiam
443 739 488 780 in
510 738 638 780 corde
659 752 749 791 suo,
780 751 892 836 quae
913 737 1112 780 dominus
1133 738 1254 780 Iesus
1273 739 1318 780 in
1338 737 1562 795 euangelio
1580 739 1730 783 fecerit
1752 748 1795 783 et

294 796 503 848 docuerit,
553 795 755 850 erspiciet
769 809 796 851 p
815 808 908 848 ane,
929 794 1156 837 ecclesiam
1170 794 1256 836 Dei
1270 809 1385 836 nunc
1406 809 1575 852 quoque
1594 799 1795 853 temptari

294 810 605 908 multiplicibus
617 851 831 892 heresium
843 849 1073 905 erroribus,
1091 852 1311 907 quoniam:
1331 851 1367 893 Ο
1402 857 1508 893 ortet
1517 852 1682 895 hereses
1691 867 1794 906 esse,

295 914 399 950 utet
454 908 598 949 robati
616 906 846 963 manffesti
863 906 985 961 fiant
1014 908 1062 949 in
1084 907 1215 960 vobis,
1246 906 1351 949 dicit
1407 906 1529 950 aulus
1559 907 1793 965 apostolus.

408 923 450 1006 g
485 963 547 1004 Er
580 978 603 1004 o
620 962 881 1005 Hildebrant
897 962 1036 1005 dictus
1051 978 1165 1019 papa
1181 963 1399 1005 Romanae
1413 962 1620 1007 ecclesiae
1637 963 1794 1007 disces-

295 1020 362 1072 sit,
383 1020 514 1061 immo
564 1019 658 1075 ugit
675 1018 730 1061 ab
752 1019 934 1067 ecclesia
954 1034 1005 1062 ea
1024 1020 1255 1084 praecipue
1276 1033 1417 1072 causa,
1448 1027 1495 1062 ut
1523 1034 1610 1062 non
1631 1019 1796 1064 videret

294 1075 362 1118 vel
401 1074 689 1132 alloqueretur
726 1090 874 1131 regem
903 1075 1182 1129 Henrlchum,
1222 1075 1339 1132 quod
1368 1082 1411 1117 et
1438 1076 1631 1119 fecerunt
1660 1077 1794 1133 partis

294 1132 387 1174 eius
418 1132 565 1188 episco
599 1132 626 1184 i,
657 1138 868 1188 quotquot
896 1145 982 1172 non
1011 1137 1244 1188 potuerunt
1273 1132 1546 1188 episcopatus
1587 1147 1687 1175 suos
1716 1147 1795 1190 per

295 1189 382 1230 vim
413 1195 455 1230 et
475 1202 554 1243 per
603 1186 730 1230 ellum
753 1188 944 1244 optinere
973 1195 1122 1229 contra
1142 1187 1326 1230 eundem
1347 1202 1494 1244 regem
1513 1188 1795 1243 Henrichum,

295 1243 646 1300 blasphemantes
685 1245 731 1285 in
768 1258 819 1287 eo
856 1258 942 1285 non
981 1243 1118 1285 solum
1153 1243 1384 1297 hominem,
1426 1250 1664 1287 creaturam
1694 1244 1794 1299 Dei,

296 1299 373 1342 sed
414 1299 543 1342 etiam
579 1299 890 1343 ordinationem
928 1299 1025 1354 Dei,
1068 1301 1269 1356 quoniam
1307 1300 1466 1342 omissa
1503 1300 1659 1357 singuli
1703 1301 1793 1343 sive

295 1371 373 1412 per
403 1356 717 1398 contentionem
747 1363 912 1398 retenta
932 1370 1009 1398 sua
1029 1356 1234 1411 pastorali
1254 1371 1359 1398 cura
1378 1357 1630 1412 refugerunt
1647 1356 1794 1399 videre

295 1413 339 1453 in
377 1418 615 1454 memorato
658 1426 759 1468 rege
796 1412 1027 1467 hominem,
1071 1419 1310 1455 creaturam
1348 1412 1446 1466 Dei,
1486 1419 1529 1455 et
1569 1411 1795 1456 noluerunt

296 1468 479 1511 subiecti
510 1483 604 1510 esse
636 1468 774 1511 eidem
803 1469 894 1525 regi
931 1468 1055 1525 quasi
1085 1467 1358 1525 praecellenti
1393 1469 1515 1512 iuxta
1544 1469 1793 1512 mandatum

296 1531 425 1580 atque
463 1523 704 1566 doctrinam
732 1525 850 1566 Petri
889 1524 1087 1581 apostoli,
1124 1524 1369 1567 resistentes
1399 1524 1484 1567 Dei
1523 1525 1794 1579 ordinationi,

327 1581 503 1622 uoniam
548 1581 797 1623 restiterunt
841 1581 881 1622 ei
926 1594 1036 1637 quae
1072 1595 1098 1622 a
1138 1581 1234 1622 Deo
1273 1586 1336 1623 est
1378 1583 1593 1646 potestati.
1671 1580 1792 1634 Inde,

297 1595 452 1678 divinis
473 1636 756 1693 humanisque
777 1636 946 1692 legibus
966 1635 1238 1692 posthabitis,
1270 1645 1412 1693 coepit
1439 1636 1557 1693 apud
1582 1636 1795 1679 eiusmodi

297 1693 522 1748 episcopos
543 1707 635 1735 esse
655 1691 862 1749 palatium
883 1699 1010 1748 atque
1032 1693 1171 1746 curia,
1203 1699 1246 1734 et
1271 1707 1297 1733 a
1316 1691 1425 1735 facie
1445 1707 1591 1735 eorum
1623 1707 1794 1750 egressa

298 1754 363 1790 est
382 1755 470 1790 tam
492 1748 676 1790 crudelis
698 1749 920 1803 sententia,
950 1754 998 1790 ut
1023 1747 1168 1791 dicant
1187 1747 1346 1790 malum
1376 1747 1538 1790 bonum
1569 1755 1612 1791 et
1629 1749 1793 1791 bonum

297 1802 471 1857 malum,
501 1803 813 1860 praedicantes,
843 1804 992 1847 beatos
1023 1818 1116 1847 esse
1148 1804 1221 1869 qui
1250 1818 1328 1860 pro
1358 1811 1480 1862 parte
1510 1804 1794 1848 Hildebrandi

297 1859 457 1902 faciant
493 1859 668 1916 proelia,
709 1860 937 1903 seditiones
977 1867 1020 1903 et
1059 1860 1305 1902 homicidia.
1362 1861 1528 1917 Popula
1556 1877 1687 1911 meus,
1719 1863 1796 1918 qui

296 1916 465 1959 beatum
504 1923 541 1959 te
571 1918 736 1971 dicunt,
775 1918 867 1972 ipsi
896 1923 933 1959 te
964 1917 1204 1972 decipiunt,
1245 1916 1351 1959 dicit
1380 1917 1606 1960 Dominus.
1665 1918 1792 1961 Beati

297 1973 410 2014 enim
440 1972 623 2028 pacifici,
653 1972 855 2030 quoniam
885 1972 1158 2015 vocabuntur
1185 1971 1262 2014 filii
1290 1973 1392 2026 Dei,
1422 1972 1647 2016 reddentes
1677 1988 1792 2016 nunc

296 2028 466 2070 interim
506 2043 557 2071 ea
626 2044 706 2071 uae
747 2035 847 2070 sunt
883 2029 1068 2070 caesaris
1108 2029 1292 2082 caesari,
1340 2029 1477 2072 donec
1519 2032 1664 2072 veniat
1698 2045 1793 2087 per-

296 2085 410 2127 fecta
429 2044 662 2139 beatitudo,
689 2085 882 2142 quando:
903 2085 1060 2127 Pacem
1079 2100 1230 2138 meam,
1260 2086 1410 2142 inquit,
1431 2087 1487 2128 do
1507 2086 1640 2139 vobis,
1661 2101 1793 2143 quam

298 2142 422 2183 modo
453 2142 524 2183 hic
553 2141 750 2198 relinquo
780 2141 911 2183 vobis.
972 2140 1089 2183 Ecce
1126 2141 1248 2183 iuxta
1287 2140 1559 2197 euangelium
1587 2141 1656 2184 vel
1683 2142 1792 2185 Mat·

298 2196 385 2239 thei
425 2197 493 2238 vel
532 2197 692 2251 Lucae,
740 2211 921 2254 quorum
960 2211 1071 2239 unus
1110 2197 1274 2252 regiam
1310 2198 1643 2253 generationem,
1687 2197 1794 2241 alter

296 2252 606 2295 sacerdotalem
628 2252 788 2296 Christi
807 2253 1057 2309 progeniem
1087 2252 1290 2295 describit
1317 2267 1396 2309 pro
1425 2254 1571 2310 magni
1600 2255 1794 2310 mysterii

295 2309 472 2363 ratione,
515 2310 637 2351 iuxta
669 2310 835 2362 horum,
865 2310 1056 2365 inquam,
1087 2308 1359 2364 euangelium
1390 2309 1618 2363 credimus,
1647 2309 1791 2353 Adam

295 2366 483 2420 primum
520 2372 563 2408 et
598 2365 739 2407 Adam
779 2366 1058 2407 novissimum
1096 2379 1189 2407 esse
1218 2363 1410 2406 eiusdem
1441 2371 1640 2420 naturae3
1675 2366 1791 2409 ideo-

297 2435 403 2476 que,
440 2428 669 2478 postquam
705 2421 903 2463 dominus
943 2427 985 2463 et
1015 2420 1212 2462 Salvator
1246 2426 1391 2462 noster
1428 2428 1585 2463 terram
1622 2428 1791 2465 nostrae

297 2478 437 2518 carnis
466 2478 711 2533 assumpsit,
741 2493 794 2519 ne
825 2475 1019 2531 angelica
1048 2475 1222 2533 quidem
1252 2474 1460 2518 celsitudo
1492 2477 1646 2520 deinde
1675 2479 1790 2521 infir-

296 2532 489 2574 mitatem
543 2539 734 2575 nostram
778 2532 996 2589 despexit,
1050 2532 1273 2588 quoniam,
1319 2546 1417 2574 cum
1461 2533 1532 2575 vel
1568 2534 1677 2576 Loth
1721 2533 1791 2577 vel

296 2587 423 2629 Iosue
459 2588 686 2630 adorantes
725 2589 844 2644 prius
887 2587 1062 2643 angelos
1098 2602 1184 2629 non
1227 2587 1554 2643 prohiberentur
1596 2590 1789 2643 adorare,

295 2643 474 2699 angelus
503 2643 738 2686 Iohannem
767 2645 812 2685 in
839 2643 1106 2700 Apocalypsi
1145 2657 1190 2685 se
1219 2644 1399 2686 adorare
1428 2644 1640 2688 volentem
1676 2661 1789 2688 com-

296 2699 477 2756 pescuit,
507 2699 675 2742 dicens:
710 2700 825 2753 Vide,
856 2715 909 2742 oze
925 2699 1117 2755 feceris,·
1138 2715 1370 2742 conservus
1389 2707 1492 2743 tuus
1512 2717 1607 2744 sum
1626 2709 1664 2744 et
1679 2702 1788 2758 fra-

295 2762 404 2797 trum
446 2762 628 2798 tuorum.
686 2755 873 2797 Proinde
919 2755 1278 2814 considerandum
1317 2762 1394 2809 est,
1438 2763 1582 2799 utrum
1619 2772 1789 2814 perver-

296 2812 430 2853 siores
469 2812 554 2853 sint
582 2812 666 2865 isti,
706 2813 780 2868 qui
810 2811 1052 2867 despiciunt
1080 2812 1124 2853 in
1154 2826 1256 2867 rege
1286 2811 1517 2868 hominem,
1549 2820 1788 2856 creaturam

298 2867 395 2921 Dei,
426 2882 480 2908 ex
509 2867 665 2910 talibus
696 2867 859 2910 scilicet
887 2868 1012 2909 factis
1043 2875 1250 2923 negantes
1284 2882 1379 2909 eam
1409 2868 1567 2911 bonam
1597 2884 1702 2923 esse,
1732 2884 1787 2911 an

295 2923 369 2977 illi,
401 2924 474 2980 qui
504 2923 651 2966 dicunt
679 2930 875 2966 naturam
906 2922 1067 2965 diaboli
1097 2923 1255 2965 malam
1286 2938 1394 2978 esse,
1426 2924 1543 2980 quod
1571 2925 1787 2967 affirmant

1843 3267 1873 3308 π-
1873 3221 1875 3223 ,
