1878 3308
323 278 370 311 60
588 277 656 310 DE
684 276 895 310 UNITATE
922 274 1194 309 ECCLESIAE
1222 273 1592 310 CONSERVANDA.

320 398 453 433 tatem
490 388 745 432 abscindere
785 396 828 430 et
863 401 1087 444 perversos
1131 387 1406 443 perturbare;
1446 387 1575 443 quod,
1611 387 1826 444 inquiunt,

352 447 397 488 ui
440 444 620 502 negligit
664 445 825 497 facere,
881 444 1148 485 convincitur
1188 443 1399 499 impietati
1443 457 1592 486 eorum
1634 443 1819 486 favere¹.

364 508 565 545 ttestante
596 502 710 543 enim
740 500 892 543 eodem
923 506 1046 556 patre
1077 497 1167 542 Gre
1201 501 1292 540 orio
1305 505 1334 553 ²,
1373 498 1553 542 ecclesia
1587 498 1643 542 ab
1672 499 1821 542 adver-

323 559 445 602 sariis
476 559 564 600 suis
593 557 935 614 persecutionem
966 557 1129 612 patitur
1189 554 1327 597 uobus
1356 555 1508 609 modis,
1549 555 1712 599 scilicet
1748 562 1823 599 aut

322 615 465 658 Verbis
502 621 576 656 aut
614 613 780 670 gladiis.
840 622 912 657 Sed
946 634 1024 656 cum
1056 621 1182 663 verbis,
1225 611 1376 667 inquit,
1405 621 1683 665 persecutionem
1715 622 1820 655 susti-

320 681 390 718 net,
418 678 598 709 emercetur
625 672 699 708 eius
726 673 914 716 sapientia,
949 683 1027 705 cum
1052 682 1134 705 vero
1157 671 1302 714 gladiis,
1329 675 1509 704 exercetur
1533 670 1608 704 eius
1627 671 1819 714 patientia.

321 720 435 762 Ecce
473 721 765 776 inpugnamur
794 732 881 759 non
911 716 1049 759 solum
1078 715 1280 772 periculis
1309 715 1518 758 bellorum
1552 714 1624 758 vel
1661 717 1820 772 pugnis

320 779 566 829 verborum,
610 774 688 817 sed
727 774 856 817 etiam
893 773 1064 829 scriptis
1101 773 1459 825 adversariorum,
1499 777 1542 814 et
1579 771 1696 828 quod
1725 786 1820 828 gra-

320 833 546 874 vissimum
591 831 717 873 nobis
761 838 845 884 est,
893 829 1221 871 introducuntur
1262 834 1411 871 contra
1453 842 1532 870 nos
1574 828 1821 870 testimonia

322 888 576 931 Sanctarum
618 887 960 943 Scripturarum3
1004 891 1052 927 ut
1094 900 1157 939 ea,
1204 883 1361 942 quibus
1407 884 1629 928 coronavit
1671 883 1823 926 Domi-

319 959 400 986 nus
431 943 656 987 ecclesiam
686 958 809 985 suam
838 957 918 999 per
947 948 1117 984 sanctos
1146 947 1290 998 patres
1320 941 1442 998 quasi
1472 947 1594 983 scuto
1633 939 1822 997 quodam

351 1001 612 1053 rotectionis,
656 1013 771 1041 nunc
815 1013 871 1041 ex
913 1005 1036 1054 parte
1080 998 1166 1040 sint
1208 997 1396 1040 hostium
1441 997 1563 1054 quasi
1605 1010 1684 1054 pro
1729 997 1821 1054 qui·

319 1015 502 1099 gusdam
557 1055 673 1109 telis,
727 1054 883 1121 quibus
936 1060 1054 1096 tanto
1106 1055 1280 1109 gravius
1331 1052 1577 1096 vulneretur
1623 1051 1822 1106 ccclesia,

325 1120 483 1169 quanto
529 1112 811 1168 perniciosius
855 1111 994 1153 solent
1036 1110 1268 1153 familiares
1313 1110 1479 1151 inimici
1521 1110 1565 1150 in
1606 1108 1734 1152 corde
1778 1115 1822 1152 et

324 1169 452 1211 corde
482 1168 600 1224 loqui
638 1183 716 1225 per
744 1167 860 1209 labia
889 1166 1050 1209 dolosa.
1108 1166 1234 1209 Unde
1270 1166 1357 1208 iam
1395 1165 1620 1207 imminere
1649 1164 1823 1208 videtur

143 1267 172 1292 M
196 1267 241 1292 nh
263 1266 300 1292 24
324 1224 396 1267 illa
432 1239 591 1280 magna
626 1223 859 1278 tribulatio,
894 1222 1063 1280 qualem
1105 1223 1211 1264 dicit
1252 1222 1297 1264 in
1336 1220 1560 1278 euangelio
1603 1221 1821 1264 Dominus

166 1273 411 1334 2²3-'25‚'non
437 1281 570 1323 fuisse
599 1281 654 1323 ab
683 1281 806 1323 initio
837 1279 986 1321 mundi
1017 1293 1153 1335 usque
1182 1278 1324 1321 modo.
1385 1280 1506 1321 Tunc
1534 1279 1576 1320 si
1605 1279 1718 1334 quis,
1757 1279 1821 1320 in-

325 1338 430 1395 quit,
460 1338 578 1380 vobis
608 1338 794 1379 diaeerit:
846 1336 969 1378 ‘Ecce
1000 1336 1069 1377 hic
1100 1341 1161 1377 est
1193 1334 1404 1388 Christus,
1437 1341 1515 1377 aut
1543 1333 1659 1387 illic’,
1689 1334 1821 1377 nolite

324 1394 509 1438 credere.
554 1392 750 1450 Surqent
763 1392 1090 1448 pseudochristi
1109 1397 1147 1433 et
1165 1391 1574 1448 pseudoprophetae
1594 1396 1632 1432 et
1652 1389 1822 1433 dabunt

324 1451 458 1506 siqua
496 1465 665 1506 ‘magua
702 1455 740 1491 et
773 1449 1003 1505 prodigia,
1044 1449 1109 1490 ita
1147 1454 1195 1489 ut
1232 1449 1279 1490 in
1315 1462 1502 1490 errorem
1534 1447 1821 1500 inducantur,

105 1508 362 1558 Matth.1s,7.si
395 1505 498 1560 fieri
537 1511 690 1561 potest,
735 1506 865 1547 etiam
903 1504 1035 1547 electi.
1092 1504 1216 1557 Ecce,
1253 1504 1297 1544 in
1331 1503 1407 1557 uit,
1439 1502 1654 1560 praediaei
1687 1503 1822 1556 vobis,

323 1563 399 1604 sed
430 1577 509 1604 vae
539 1563 719 1613 homiui,
760 1562 832 1614 ait,
865 1575 952 1616 per
981 1575 1100 1616 quem
1139 1560 1308 1602 scanda
1329 1575 1401 1602 um
1431 1561 1562 1602 venit.
1621 1557 1823 1602 Graviter

323 1617 499 1674 quidem
537 1617 889 1670 scandalizamur,
930 1615 1045 1673 quod
1082 1616 1241 1658 sanctis
1281 1629 1453 1672 quoque
1490 1614 1700 1670 patribus,
1747 1614 1821 1671 qui

322 1673 437 1730 apud
458 1688 536 1716 nos
551 1675 697 1715 vivere
714 1673 873 1715 debent
891 1673 937 1714 in
957 1673 1047 1714 suis
1071 1671 1462 1722 constitutionibus,
1484 1671 1590 1712 haec
1610 1669 1823 1713 calumnia

322 1730 570 1785 imponitur,
600 1736 649 1771 ut
676 1744 753 1785 per
774 1743 923 1771 eorum
943 1728 1196 1780 doctrinam,
1229 1742 1315 1783 qua
1343 1726 1534 1784 loquitur
1551 1725 1678 1768 nobis
1699 1725 1821 1769 Chri-

323 1792 426 1839 stus,
471 1787 546 1842 qui
585 1791 649 1828 est
685 1799 771 1841 pax
808 1791 967 1838 nostra,
1007 1784 1312 1826 confirmentur
1347 1798 1462 1825 nunc
1501 1783 1688 1840 partium
1729 1783 1820 1826 sive

321 1841 531 1885 bellorum
562 1841 716 1883 studia.
776 1840 903 1884 Unde
932 1846 1076 1883 noster
1106 1839 1389 1893 adversarius,
1428 1839 1545 1896 apud
1576 1853 1704 1896 quem
1734 1854 1823 1881 non

323 1905 387 1940 est
416 1898 576 1940 veritas
606 1912 686 1939 nec
717 1911 805 1953 pax
834 1911 972 1954 neque
1001 1897 1177 1949 iustitia,
1218 1895 1368 1938 scribit
1402 1901 1502 1952 post
1533 1893 1822 1952 multiplicem

322 1955 663 1996 testimoniorum
687 1955 946 2008 congeriem,
977 1953 1134 2010 quibus
1155 1951 1386 2005 contendit,
1417 1950 1522 1993 nihil
1541 1950 1684 1994 valere
1704 1952 1821 2008 apud

322 2025 401 2052 nos
424 2009 584 2052 Christi
613 2008 820 2052 ecclesiae
851 2015 1128 2063 sacramenta,
1160 2015 1202 2051 et
1233 2008 1347 2065 quod
1376 2008 1574 2064 suspensi
1604 2007 1736 2050 simus
1763 2007 1819 2051 ab

324 2066 616 2109 ecclesiastica
666 2066 970 2108 communione
1019 2064 1255 2108 secundum
1304 2079 1516 2107 canonum
1565 2069 1819 2120 praecepta:

324 2122 581 2178 Sufficiant,
611 2122 763 2179 inquit,
795 2123 900 2165 haec
917 2138 1070 2179 pauca
1101 2123 1282 2164 caritati
1306 2127 1487 2175 vestrae,
1517 2121 1596 2177 qui
1617 2119 1821 2164 catholici

323 2179 456 2221 vultis
499 2195 597 2232 esse,
635 2179 846 2235 quatinus
883 2179 964 2221 has
1003 2185 1253 2220 sauctorum
1277 2184 1460 2234 patrum
1499 2177 1735 2219 sententias
1768 2177 1818 2219 in

315 2242 529 2291 promptu
559 2235 770 2288 habeatis,
802 2235 959 2290 quibus
989 2242 1026 2275 et
1055 2249 1130 2276 vos
1161 2234 1389 2289 defendere
1426 2239 1464 2275 et
1492 2234 1713 2275 veritatem
1750 2233 1818 2274 in-

317 2298 575 2348 puqnantes
614 2291 808 2346 refellere
845 2291 1040 2333 valeatis.
1098 2289 1158 2332 Et
1197 2296 1295 2345 post
1331 2287 1438 2331 haee
1475 2288 1521 2329 in
1558 2288 1644 2330 fine
1681 2287 1818 2344 ipsius

324 2347 532 2403 epistolae
571 2361 627 2388 ex
656 2347 841 2403 propriis
871 2346 1013 2389 verbis
1052 2345 1340 2387 condemnans
1373 2359 1417 2386 se
1447 2358 1546 2386 suos
1579 2359 1649 2396 ue,
1681 2350 1818 2386 osten-

324 2402 399 2454 dit,
440 2402 546 2444 nihil
584 2404 691 2459 ipsis
733 2416 830 2444 cum
870 2401 1080 2444 catholica
1117 2401 1198 2443 hac
1233 2399 1462 2443 universali
1490 2413 1567 2441 ecc
1586 2400 1675 2442 esia
1704 2414 1817 2442 com-

323 2473 451 2500 mune
492 2474 599 2511 esse,
638 2465 680 2501 et
718 2458 815 2500 ideo
854 2457 1087 2500 catholicos
1126 2471 1211 2499 non
1252 2471 1358 2508 esse,
1397 2471 1496 2497 cum
1529 2456 1818 2512 suscepissent

323 2520 488 2570 partem
535 2516 600 2557 sui
646 2515 848 2570 Gregorii
893 2513 1130 2559 defendere.
1188 2513 1297 2565 Nos,
1341 2513 1494 2568 inquit,
1539 2514 1616 2569 qui
1652 2514 1817 2555 iustam

109 2572 146 2599 cf·
162 2573 190 2636 ¹4
201 2571 308 2635 Tpess.
317 2577 494 2627 partem
525 2570 734 2627 Gre902·ii
762 2572 853 2612 iam
884 2585 911 2611 a
941 2570 1035 2612 Deo
1066 2570 1283 2624 assumpti
1312 2568 1599 2623 defendimus,
1622 2583 1709 2623 per
1738 2569 1817 2611 hoc

192 2629 200 2644 ’
242 2628 250 2637 ‘
324 2641 412 2668 uon
451 2627 630 2678 homini,
675 2627 751 2668 sed
788 2626 870 2668 soli
907 2626 1001 2668 Deo
1039 2625 1218 2681 placere
1249 2625 1559 2667 contendimus.
1618 2624 1817 2667 ‘Fructus

321 2696 425 2724 vero
469 2682 656 2724 iustitiae
701 2682 744 2723 in
787 2695 893 2737 pace
931 2682 1165 2723 seminatur
1201 2680 1458 2723 facientibus
1495 2682 1672 2736 paeem',
1706 2681 1817 2723 sicut

146 2755 306 2789 1ac.3,1s.
321 2738 506 2780 Iacobus
527 2737 746 2794 apostolus
776 2743 977 2791 testatum
1009 2737 1084 2779 sed
1106 2737 1207 2779 dum
1227 2736 1402 2779 heretici
1423 2736 1566 2778 Deum
1588 2736 1816 2779 defendere

320 2795 526 2848 nituntur,
549 2793 785 2847 offendunt3
808 2801 967 2850 quanto
988 2793 1126 2849 magis
1148 2794 1222 2850 qui
1247 2799 1411 2850 partem
1429 2791 1610 2834 alicuius
1632 2792 1815 2835 hominis

324 2916 360 2960 1)
389 2916 443 2951 cf.
472 2927 502 2949 c.
525 2917 566 2948 11
590 2927 643 2950 ex.
747 2914 785 2958 2)
814 2915 980 2958 Gregorii
1006 2916 1126 2959 Opera
1153 2915 1181 2955 I,
1210 2926 1244 2959 p.
1269 2915 1351 2948 611.
