1878 3308
355 293 423 327 m:
451 292 663 327 UNITATE
690 292 965 328 ECOLESIAE
992 293 1361 328 CONSERVANDA.
1559 295 1604 328 ’17

102 411 227 448 sunt:
267 403 577 448 Thiederichus
608 403 937 447 Viridunensis¹
967 404 1175 448 ecclesiae
1205 406 1447 462 episcopus,
1488 406 1604 448 Hen-
1620 423 1706 450 1085.

100 461 249 504 sichus
276 461 508 518 episcopus
526 461 729 514 Leodiae,
760 460 1045 504 Chuonradus
1064 461 1292 518 episcopus
1312 461 1602 504 Traieetensis

100 516 327 571 eeclesiae,
357 516 589 560 Udalricus
608 516 894 560 Eihstatensis
907 517 925 545 Ι)
945 516 1150 560 ecclesiae
1171 519 1414 575 episcopus,
1437 518 1603 574 Megin-

102 573 276 617 wardus
294 574 585 630 Frisingensis
603 572 813 617 ecclesiae
837 574 1079 630 episcopus,
1094 572 1198 616 Otto
1214 575 1446 631 episcopus
1466 574 1604 617 Ratis-

101 643 256 688 ponae,
271 628 560 674 Ruobberdus
575 631 805 687 episcopus
817 628 1213 686 Babenbergensisc
1224 629 1443 682 ecclesiae,
1460 630 1604 672 Huoz-

101 686 317 729 mannus⁴
353 686 572 743 Spirensis
607 686 815 729 ecclesiae
844 686 1088 742 episcopus,
1129 686 1231 730 Otto
1262 686 1603 729 constantiensis

98 742 310 786 ecclesiae
339 744 584 800 episcopus,
612 743 860 785 Bureardus
891 742 1124 799 episcopus
1154 742 1207 785 de
1228 743 1441 797 Losanna,
1482 743 1529 786 Si
1562 759 1602 786 e-

101 798 242 842 fridus
277 813 302 842 e
334 800 511 856 iscopus
550 814 607 842 ex
635 800 849 854 Augusta,
890 798 1173 842 Gebehardus
1203 800 1434 856 episcopus
1465 759 1603 842 Beie-

102 856 262 899 mensis
320 870 344 899 e
365 855 519 912 Praga,
549 855 648 898 Udo
673 854 1092 898 Hildinisheimensis
1122 855 1327 898 ccclesiae
1358 858 1604 912 episcopus,

102 911 349 955 Hem-iebus
363 910 782 955 Paderbrunnensise
799 926 822 954 e
855 912 1045 969 iscopus,
1062 912 1184 968 Erph
1205 913 1435 969 episcopus
1454 912 1603 954 Mona-

102 968 236 1022 sterii,
265 967 468 1011 Folcmar
486 968 723 1011 Mindensis
743 982 819 1011 ecc
836 969 950 1011 esiae
971 969 1225 1025 episoopus3
1256 968 1367 1012 Bibo
1388 968 1603 1011 Tullensis

100 1023 312 1067 ecclesiae
345 1025 588 1082 episcopus,
627 1025 729 1082 quia
763 1039 843 1081 per
878 1039 924 1067 se
962 1025 1106 1081 ipsum
1144 1024 1298 1067 adesse
1334 1040 1420 1066 non
1450 1026 1604 1082 potuit,

101 1093 183 1138 per
210 1079 376 1138 legatos
404 1095 518 1134 suos,
547 1082 622 1138 qui
650 1081 745 1123 vice
775 1096 854 1123 sua
883 1081 1129 1131 intererant,
1169 1080 1271 1123 huic
1301 1081 1467 1137 synodo
1505 1096 1603 1123 con-

101 1137 236 1180 sensit
263 1143 308 1180 et
334 1136 611 1194 subscripsit3
640 1137 885 1180 Burcardus
916 1152 1087 1194 quoque
1118 1137 1367 1180 Basiliensis
1397 1137 1603 1180 ecclesiae

100 1193 333 1250 episcopus
373 1200 417 1236 et
460 1192 564 1236 Otto
610 1193 962 1250 strazburgensis
1006 1193 1211 1236 ecclesiae
1257 1194 1489 1250 episcopus
1526 1208 1604 1249 per

101 1249 268 1307 legatos
316 1264 418 1292 suos
465 1256 770 1292 consenserunt
817 1256 860 1293 et
901 1250 1262 1307 subscripserunt,
1307 1251 1381 1306 qui
1459 1256 1605 1306 ropter

103 1304 249 1349 hostes
291 1305 483 1348 ecclesiis
527 1307 615 1348 suis
659 1305 888 1349 crudeliter
934 1307 1063 1348 nimis
1107 1307 1378 1348 imminentes
1458 1321 1601 1348 omum

104 1361 271 1405 dimissi
299 1368 411 1406 sunt.
447 1362 506 1404 Et
533 1362 656 1404 multi
687 1362 814 1404 simul
832 1361 1074 1419 presbyteri
1102 1369 1231 1419 atque
1252 1362 1454 1405 diacones
1475 1363 1602 1404 inter-

101 1417 274 1462 fuerant
301 1417 403 1461 huic
431 1418 597 1474 synodo
628 1419 939 1475 congregataer
978 1419 1023 1460 in
1052 1419 1223 1461 civitate
1252 1419 1490 1475 Moguntia,
1527 1419 1600 1461 ubi

105 1480 150 1518 et
177 1475 382 1528 omnium,
414 1475 523 1517 sicut
551 1474 711 1517 dictum
744 1484 821 1527 est,
852 1476 1155 1531 episcoporum
1175 1475 1323 1517 aderat
1352 1489 1600 1528 consensus,

105 1531 199 1573 sive
228 1530 284 1574 de
313 1530 441 1574 Italia
470 1531 563 1573 sive
585 1530 740 1582 Gallia,
769 1532 902 1573 immo
931 1530 985 1573 de
1016 1531 1133 1573 omni
1163 1530 1376 1574 catholica
1404 1530 1600 1583 ecclesia,

103 1587 152 1629 in
190 1601 371 1644 quorum
410 1586 585 1630 alternis
622 1587 825 1629 cordibus
860 1588 969 1629 vivit
996 1587 1199 1644 spiritalis
1229 1602 1350 1629 amor
1378 1593 1421 1630 et
1448 1588 1601 1643 gratia,

105 1649 168 1697 ut,
197 1643 310 1686 sicut
327 1643 534 1686 unitatem
560 1652 704 1686 tenere
728 1643 907 1686 firmiter
935 1649 979 1685 et
997 1643 1217 1685 vindicare
1238 1643 1395 1686 debent
1413 1644 1601 1685 maxime

105 1699 312 1757 episcopi,
342 1701 417 1757 qui
446 1700 490 1742 in
511 1699 694 1743 ecclesia
721 1700 980 1757 praesident,
1010 1701 1070 1742 ita
1099 1700 1399 1757 episcopatum
1429 1714 1601 1757 quoque

105 1770 241 1798 unum
270 1762 399 1813 atque
429 1756 663 1798 indivisum
693 1756 890 1813 probent.
947 1755 1110 1799 Multae
1150 1755 1363 1813 siquidem
1395 1756 1602 1799 ecclesiae

103 1811 270 1854 faciunt
297 1826 428 1854 unam
458 1811 712 1855 catholicam
741 1812 981 1867 ecclesiam,
1015 1819 1059 1855 et
1085 1812 1185 1855 licet
1212 1812 1356 1869 plures
1387 1813 1487 1855 facti
1517 1813 1601 1855 sint

102 1866 363 1922 sacerdotes,
403 1883 514 1911 unus
542 1876 684 1912 tamen
714 1876 780 1911 est
809 1869 1082 1925 episcopatus
1121 1877 1298 1925 propter
1335 1883 1461 1910 unam
1504 1882 1601 1910 ean-

106 1923 293 1982 demque
327 1924 551 1968 ecclesiam
580 1923 848 1967 catholicam.
907 1926 1050 1978 Quam
1090 1924 1253 1966 scilicet
1290 1925 1493 1966 unitatem
1526 1924 1600 1981 qui

104 1994 193 2023 non
227 1986 356 2035 tenet,
396 1979 560 2023 alienus
599 1988 676 2034 est,
716 1980 922 2037 profanus
959 1987 1025 2022 est
1063 1987 1106 2022 et
1132 1979 1267 2022 hostis
1296 1988 1373 2034 est,
1404 1981 1516 2022 sicut
1544 1995 1599 2022 ex

106 2036 325 2079 communi
353 2044 597 2079 sanctorum
627 2043 796 2093 patrum
827 2036 987 2078 iudicio
1017 2036 1246 2078 diffinitum
1276 2043 1351 2078 est.
1411 2035 1496 2078 Sed
1527 2035 1600 2078 ali—

106 2093 183 2150 qui
220 2092 521 2150 episcoporum
562 2093 757 2134 exierunt
789 2092 845 2135 ab
874 2091 1043 2134 illorum
1073 2092 1386 2144 communione,
1447 2106 1599 2134 uorum

106 2154 341 2191 conventus
371 2155 437 2191 est
464 2149 556 2191 sive
577 2162 811 2190 consensus
837 2148 899 2191 ibi
916 2147 1056 2190 fuerat
1082 2163 1159 2204 pro
1180 2162 1412 2204 recuperan
1446 2162 1472 2188 a
1493 2161 1600 2204 pace

106 2203 177 2247 vel
213 2202 419 2248 ecclesiae
458 2203 526 2247 vel
563 2205 624 2246 rei
654 2203 867 2261 publicae,
898 2204 971 2260 qui
1000 2205 1128 2246 etiam
1158 2218 1213 2246 ex
1244 2203 1378 2246 multo
1408 2210 1600 2260 tempore

106 2259 337 2303 noluerunt
370 2275 506 2318 usque
542 2260 682 2303 adhuc
722 2261 1035 2302 communicare
1075 2259 1168 2302 sedi
1206 2259 1479 2317 apostolicae,
1509 2260 1600 2302 sine

105 2317 230 2360 cuius
258 2317 510 2360 auctoritate
539 2331 618 2359 nec
638 2316 721 2373 ipsi
742 2315 915 2373 quidem
945 2322 1125 2372 possunt
1143 2314 1322 2358 alicuius
1342 2315 1600 2372 episcopalis

105 2372 240 2416 officii
268 2374 552 2417 ministerium
583 2372 761 2426 habere3
791 2372 973 2429 ideoque
1004 2373 1193 2428 ipsorum
1222 2371 1394 2415 hereses
1427 2379 1470 2415 et
1498 2373 1599 2414 scis-

106 2436 223 2472 mata
257 2429 313 2472 ab
350 2428 548 2472 omnibus
584 2428 804 2472 catholicis
842 2428 1071 2485 reprobata
1107 2434 1206 2470 sunt
1239 2435 1368 2485 atque
1398 2428 1599 2471 damnata

107 2499 205 2528 cum
242 2486 348 2543 ipsis
387 2485 632 2529 auctoribus
671 2485 829 2542 pariter
867 2492 908 2527 et
948 2484 1215 2527 consortibus
1252 2491 1455 2527 externae
1486 2499 1599 2527 com-

107 2542 323 2584 munionis
351 2549 480 2599 atque
510 2541 729 2599 perfidiae.
788 2540 846 2583 Hi
876 2548 1018 2583 autem
1048 2547 1159 2592 sunt,
1220 2541 1262 2582 ui
1292 2548 1366 2583 aut
1395 2541 1598 2598 fugiendo

105 2597 383 2664 episcopatus
413 2613 514 2641 suos
543 2598 808 2650 dimiserunt,
838 2604 913 2639 aut
945 2611 1017 2639 eos
1047 2611 1125 2653 per
1154 2596 1207 2639 be
1224 2596 1265 2639 la
1294 2598 1484 2640 maxima
1514 2596 1596 2638 sibi

106 2653 366 2697 mdicando
402 2660 740 2720 usurpaverunt,
778 2668 831 2696 ne
870 2653 1234 2695 communicarent
1276 2653 1328 2695 iis
1372 2654 1446 2710 qui
1485 2667 1598 2695 com-

108 2711 328 2753 municant
365 2709 574 2753 catholico
610 2709 856 2767 imperatori
894 2708 963 2751 vel
999 2708 1089 2751 sedi
1129 2708 1410 2766 apostolicae:
1461 2709 1598 2752 Gebe-

107 2764 268 2809 hardus
317 2766 659 2823 Saltzburgensis
709 2765 915 2808 ecclesiae
960 2764 1223 2821 archiepisco
1255 2780 1319 2819 us,
1363 2765 1598 2820 Hartvigus

106 2821 520 2879 Magadaburgensis
549 2820 755 2865 ecclesiae
783 2821 1147 2878 archiepiscopus,
1180 2820 1219 2863 A
1250 2820 1395 2863 albero
1427 2820 1597 2863 Wirtzi-

106 2910 139 2945 a)
158 2912 425 2940 viridunensi-1.
487 2912 520 2944 b)
542 2913 673 2939 Sin-tat.
689 2914 715 2939 1.
778 2911 806 2945 c)
827 2911 1022 2943 Bnbenbnrss.
1037 2912 1062 2937 1.
1135 2909 1166 2943 d)
1187 2910 1314 2937 Bucrm.
1331 2912 1358 2936 1.
1426 2909 1457 2943 e)
1479 2910 1553 2936 Pod.
1570 2912 1595 2935 1.

106 2950 133 2983 0
155 2955 342 2985 congreg-ta
364 2954 399 2984 ις
420 2951 539 2979 saara.
564 2952 732 2979 emendavit.
