1878 3308
278 267 326 300 88
525 266 592 300 DE
618 266 831 300 UNITATE
863 265 1134 299 ECCLESIAE
1162 265 1531 299 CONSERVANDA.

275 382 342 427 qui
358 380 556 425 christiani,
582 381 746 416 catholici
769 382 826 415 vel
842 380 1029 415 orthodoxi
1044 380 1285 423 nominantur,
1311 381 1350 415 id
1367 386 1416 415 est
1435 380 1648 426 inteqritatie
1666 385 1779 415 custo-

279 432 342 467 des
376 436 409 466 et
441 436 539 465 recta
571 436 754 466 sectantes.
805 430 906 464 Haec
939 430 1030 464 enim
1066 429 1210 463 ecclesia
1243 430 1417 464 catholica
1435 441 1505 473 per
1529 435 1638 464 totum
1663 430 1780 465 orbem

279 479 401 515 valide
434 480 572 524 lateque
604 479 741 524 diffusa
775 479 888 512 utitur
921 479 970 512 ad
998 479 1181 523 profectus
1217 489 1299 512 suos
1338 478 1497 512 omnibua
1536 478 1736 513 mantibus
1747 482 1778 521 ⁸,

279 534 444 569 unctione
469 535 626 579 Spiritus
652 533 767 568 sancti
783 533 924 567 docente
949 533 993 566 de
1011 532 1181 567 omnibus.
1220 523 1396 566 Praeter
1414 523 1525 565 hanc
1553 523 1780 567 eeclesiam

280 581 526 638 quicunque
555 586 633 633 est,
665 579 874 636 Spiritum
904 583 1101 620 sanctum
1132 579 1280 636 utique
1308 593 1396 622 non
1424 577 1568 633 habet,
1596 579 1781 638 ideoque

279 651 358 693 per
396 650 578 693 pravam
614 649 767 677 manus
805 635 1125 691 impositionem
1161 634 1379 678 damnatio
1415 635 1457 678 ei
1486 636 1675 693 offertur,
1706 636 1782 694 qui

280 692 443 750 absque
479 691 592 735 dono
625 691 811 748 Spiritus
841 691 978 733 sancti
1015 691 1248 734 ordinatur.
1307 690 1436 744 Quod
1464 691 1510 734 in
1538 707 1669 750 supra
1694 708 1782 736 me-

280 753 543 791 moratorum
574 761 744 804 quoque
775 747 1091 804 episcoporum,
1131 753 1179 789 ut
1207 761 1294 789 non
1324 747 1467 790 dicam
1498 749 1782 792 consecratio-

280 804 424 858 nibus,
465 804 542 846 sed
579 803 924 846 execrationibus
960 803 1120 845 factum
1152 818 1246 846 esse
1275 803 1495 869 probatur,
1531 805 1605 862 qui
1636 811 1783 848 eontra

282 874 429 903 sacros
449 874 636 902 canones
666 859 821 916 spiritu
840 859 925 902 Dei
950 859 1143 901 conditos
1172 860 1216 901 in
1238 859 1389 902 ahenis
1409 860 1648 918 parrochiis
1670 860 1784 904 ordi-

281 917 479 959 nationes
519 914 856 969 celebraverunt,
895 916 970 972 qui
1007 916 1135 958 etiam
1174 922 1323 958 contra
1361 931 1615 960 consensum
1655 916 1783 960 simul

282 979 325 1016 et
361 979 511 1015 contra
549 971 822 1028 disciplinam
860 971 1095 1014 catholicae
1132 971 1338 1014 ecclesiae
1368 974 1538 1029 privata
1567 973 1651 1017 sibi
1680 987 1781 1016 con-

281 1028 498 1072 venticula
526 1029 856 1081 constituerunt,
887 1027 1076 1084 qualium
1099 1035 1212 1071 certe
1232 1029 1532 1072 conventicula
1560 1030 1651 1072 sive
1672 1029 1783 1072 ordi-

280 1085 477 1128 nationes
513 1083 735 1127 damnavit
776 1098 945 1140 semper
987 1090 1115 1140 atque
1160 1083 1380 1127 damnabit
1421 1086 1560 1129 omnis
1603 1085 1785 1129 ecclesia

283 1146 544 1194 sanctorum,
563 1155 618 1182 ne
637 1138 882 1196 praevaleat
899 1140 1105 1183 adversus
1125 1155 1220 1182 eam
1240 1155 1339 1197 pars
1359 1142 1618 1199 iniquorum.
1655 1142 1784 1186 Unde

284 1198 414 1240 etiam
445 1196 693 1240 Gelasius¹2
735 1205 840 1247 Quod
864 1206 1128 1249 incessabiliter,
1162 1197 1314 1253 inquit,
1345 1208 1572 1251 repetendum
1597 1213 1659 1251 eet,
1692 1208 1784 1243 sicut

274 1258 422 1301 firmum
448 1267 521 1291 esse
545 1256 668 1290 ‘nullus
695 1255 840 1299 ambigit
857 1254 1084 1298 christianus,
1111 1267 1229 1290 omnes
1247 1256 1442 1301 complices,
1469 1262 1666 1300 sectatores,
1692 1268 1783 1292 com-

283 1307 519 1340 municatores
538 1306 731 1339 damnatae
756 1305 861 1338 semel
878 1305 1075 1348 pravitatis
1095 1306 1184 1348 pari
1204 1311 1295 1340 sorte
1317 1305 1460 1350 censeri,
1485 1305 1538 1339 ita
1558 1317 1700 1341 consors
1718 1307 1784 1341 erit

285 1361 317 1390 et
328 1366 468 1398 poenae
482 1353 641 1398 quisquis
659 1353 966 1388 commwnicaverit
985 1353 1094 1387 alicui
1111 1355 1430 1389 ecclesiasticarum
1442 1355 1650 1399 reqularum
1667 1361 1784 1390 iram-

281 1410 448 1454 qressori.
513 1398 665 1442 Nullus
709 1399 824 1441 enim
862 1399 1038 1455 primas,
1087 1398 1229 1442 nullus
1274 1401 1386 1442 enim
1431 1400 1786 1457 metropolitanus

284 1454 512 1511 nullusque
554 1454 817 1512 reliquorum
861 1456 1162 1512 episcoporum
1205 1455 1380 1498 alterius
1423 1456 1616 1513 episcopi
1658 1458 1786 1500 adeat

284 1512 572 1568 parrochiam,
603 1517 651 1553 ut
669 1510 732 1553 ibi
752 1510 952 1567 disponat
971 1511 1039 1553 vel
1060 1512 1228 1554 ordinet
1257 1519 1331 1555 aut
1350 1512 1512 1555 iudicet
1531 1513 1784 1570 quicquam3

285 1568 352 1609 sin
394 1566 517 1610 aliter
558 1581 756 1623 praesum
791 1569 905 1622 serit,
950 1567 1236 1621 damnabitur,
1272 1570 1384 1612 sicut
1428 1567 1628 1612 Callistus
1669 1583 1785 1626 papa

285 1622 436 1665 scribit
455 1629 498 1666 et
518 1624 656 1665 omnis
676 1637 751 1665 ece
771 1624 862 1664 esia
881 1630 1127 1666 sanctorum
1149 1625 1370 1668 consentit.
1412 1624 1541 1678 Quod
1561 1630 1602 1667 et
1622 1624 1784 1667 factum

285 1684 349 1722 est
387 1678 440 1720 de
480 1678 692 1735 Hartvigo
729 1678 1121 1734 Magadaburgensi
1157 1681 1375 1737 episcopo,
1413 1681 1515 1737 quia
1550 1680 1596 1723 Si
1630 1681 1785 1724 iwinus

286 1733 553 1777 Coloniensis
575 1750 598 1777 e
631 1735 806 1792 iscopus
827 1734 1046 1777 damnavit
1067 1751 1178 1790 eum,
1201 1737 1490 1779 consentiente
1510 1737 1556 1778 in
1576 1695 1628 1779 ἰέ
1640 1738 1784 1794 ipsum

284 1791 607 1847 comprovincia
625 1792 711 1832 ’um
727 1791 1031 1847 episcoporum
1052 1791 1226 1846 iudicio,
1255 1800 1483 1850 postquam
1513 1792 1628 1836 nullo
1654 1793 1785 1836 modo

283 1847 428 1903 potuit
455 1847 626 1900 adduci,
656 1853 704 1890 ut
723 1847 969 1890 satisfacere
988 1846 1119 1890 vellet
1147 1847 1354 1891 ecclesiae
1414 1863 1462 1891 ro
1491 1849 1650 1891 iniusta
1674 1849 1785 1892 ordi-

283 1903 455 1945 natione
476 1902 701 1946 cuiusdam
721 1902 785 1945 Re
819 1902 989 1945 inhardi
1018 1904 1061 1945 in
1083 1905 1335 1961 episcopatu
1403 1904 1569 1947 indensi
1583 1913 1612 1952 ²,
1655 1905 1785 1949 Prae-

284 1958 489 2002 tendebat
517 1965 661 2002 autem
691 1957 763 2001 ille
829 1959 1022 2015 artvigus
1042 1967 1297 2016 potestatem
1327 1962 1392 2003 sui
1415 1961 1614 2017 Gregorii
1633 1975 1786 2019 papae,

285 2029 370 2072 qua
399 2015 527 2058 talem
556 2014 640 2057 sibi
669 2020 818 2071 posset
841 2015 1077 2059 concedere
1108 2016 1420 2060 ordinationem
1449 2017 1573 2059 iuxta
1601 2019 1785 2061 auctori·

282 2077 415 2114 tatem
456 2072 570 2114 sedis
606 2085 632 2113 a
665 2070 881 2125 ostolicae,
914 2071 1097 2129 ideoque
1137 2073 1219 2115 sibi
1259 2087 1388 2116 curae
1417 2088 1503 2115 non
1533 2088 1626 2117 esse
1655 2089 1787 2132 super

283 2127 527 2184 aliquorum
574 2143 626 2171 ve
685 2129 912 2170 vocatione
956 2128 1025 2171 vel
1073 2128 1359 2172 damnatione.
1437 2129 1552 2172 Ecce
1604 2132 1787 2188 apponit

284 2190 514 2240 peccatum
537 2198 666 2240 super
694 2190 917 2240 peccatum
949 2190 991 2227 et
1016 2186 1153 2227 iustae
1183 2186 1447 2228 damnationi
1476 2186 1597 2228 addit
1625 2187 1788 2243 pariter

285 2238 600 2282 ecclesiasticae
629 2241 868 2282 vocationis
900 2247 942 2283 et
969 2239 1176 2297 regularis
1205 2241 1457 2298 disciplinae
1477 2249 1784 2300 contemptum.

283 2296 423 2350 Igitur
457 2302 627 2353 praeter
664 2295 780 2338 illam
805 2296 1123 2339 damnationem
1153 2297 1380 2340 damnatus
1415 2304 1482 2340 est
1509 2299 1637 2342 etiam
1666 2299 1784 2342 idem

284 2352 521 2408 Hartvigus
559 2366 658 2393 cum
698 2353 851 2395 ceteris
887 2354 1188 2409 suprascriptis
1225 2354 1440 2410 episcopis
1469 2354 1514 2395 in
1543 2355 1784 2410 Moguntia-

286 2408 405 2449 censi
435 2407 616 2465 synodo,
655 2406 828 2451 iubente
857 2409 903 2450 id
942 2409 1035 2451 fieri
1073 2409 1309 2464 apostolica
1342 2409 1457 2463 sede,
1492 2423 1590 2451 cum
1623 2409 1786 2454 nollent

284 2464 443 2506 reverti
472 2464 528 2506 ad
557 2478 709 2519 pacem
740 2469 781 2506 et
809 2463 1084 2507 concordiam
1114 2464 1350 2508 catholicae
1379 2464 1599 2508 ecclesiae.

286 2600 318 2636 a)
339 2603 381 2628 ita
403 2602 496 2635 Any„-
519 2602 678 2629 orantibus
700 2604 727 2630 1.

288 2707 327 2751 1)
367 2708 421 2743 Cf.
448 2708 552 2742 Thiel
580 2721 614 2752 p.
639 2709 722 2742 424.
826 2709 865 2753 2)
897 2709 951 2743 cf.
981 2722 1011 2744 c.
1040 2711 1098 2751 24,
1135 2723 1170 2755 p.
1199 2711 1256 2745 84.
1310 2711 1399 2745 Cum
1426 2712 1551 2746 Minda
1577 2714 1786 2757 provinciae

288 2756 495 2791 Coloniensi
521 2757 705 2802 adscripta
732 2762 837 2798 esset,
863 2759 1040 2803 Hartvigo
1067 2771 1137 2793 non
1163 2760 1275 2802 licuit,
1301 2762 1338 2793 in
1366 2762 1578 2805 episcopatu
1602 2762 1785 2796 Mindensi

287 2807 480 2850 quicquam
500 2808 728 2848 constituere,
745 2808 815 2841 nisi
838 2812 961 2841 contra
979 2809 1098 2852 legem
1122 2810 1269 2843 Decret.
1292 2810 1578 2844 Pseudoisidor.:
1605 2814 1644 2843 ut
1660 2811 1785 2844 nullus

287 2855 436 2889 alterius
461 2855 625 2890 terminos
650 2860 796 2899 usurpet
820 2867 884 2890 nec
895 2858 1126 2901 parrochiam
1151 2857 1283 2893 iudicet
1301 2863 1364 2892 aut
1380 2859 1650 2893 eaecommunicet
1675 2869 1786 2904 agere

285 2904 413 2937 voluit.
