1878 3308
254 272 323 307 DE
348 272 561 308 UNITATE
588 273 861 307 ECC'LESIAE
889 272 1257 307 CONSERVANDA.
1476 271 1519 303 13

21 384 107 429 bn
138 389 186 428 ct
219 398 309 428 non
378 399 425 428 ro
463 385 755 429 subiectorum
783 385 977 428 moribus
1009 389 1191 427 exercet.
1252 384 1346 426 Rex
1376 391 1520 427 autem

22 454 223 486 reversus
262 440 317 484 de
346 400 479 484 {talia
515 442 679 485 invenit
714 455 873 484 novum
903 455 1048 498 regem
1079 447 1121 482 et
1148 441 1291 482 hostes
1322 439 1524 496 multipli-

25 502 148 541 eston
177 510 236 540 ex
253 496 452 541 absentia
480 512 570 552 sua,
600 513 656 541 ex
686 511 869 555 quorum
897 511 1030 539 manu
1049 495 1226 539 abstulit
1245 511 1380 538 cornu
1409 497 1524 552 prin·

24 553 199 612 cipatus
244 553 325 608 sui,
373 553 523 596 divina
564 553 799 596 auxiliante
838 555 978 610 gratia
1019 553 1265 609 pariterque
1303 554 1523 595 annitente

27 609 291 667 pronissime
328 611 374 652 in
412 624 459 652 se
497 610 738 667 principum
775 609 934 663 favore,
964 623 1147 666 quorum
1175 609 1297 651 Deus
1326 609 1527 664 tetigerat

30 664 177 708 coda.
233 665 327 708 Iam
357 665 533 723 quidem
561 665 815 709 exhibuerat
845 665 1037 707 Romano
1065 665 1260 721 pontifici
1293 665 1415 707 iuxta
1441 665 1526 730 pri-

28 727 197 764 matum
234 721 454 764 Romanae
494 721 703 764 ecclesiae
746 721 938 764 debitum
983 721 1188 763 honorem
1238 727 1281 762 et
1327 720 1525 763 obedlen-

30 778 138 820 tiam
165 777 419 834 perferendo
448 777 663 820 humiliter
690 777 1145 820 excommunicationis
1176 777 1443 830 sententiam,
1479 783 1527 818 ut

32 832 191 876 deinde
232 833 532 877 satisfaciendo
570 839 880 891 consequenter
921 839 1068 889 posset
1110 834 1344 889 promereri
1380 846 1527 874 recon-

33 888 265 932 ciliationis
292 890 490 945 gratiam.
534 889 620 933 Sed
650 903 748 932 cum
777 890 871 945 ipse
900 888 981 931 hoc
1009 895 1160 954 ageret
1188 895 1231 931 et
1259 895 1372 931 totus
1401 889 1446 930 in
1475 902 1526 930 eo

33 950 162 1000 esset,
201 951 251 988 ut
282 945 476 989 eiusdem
514 945 697 988 Romani
730 945 947 1002 pontilicis
985 945 1209 998 adlutorio,
1250 946 1323 1001 qui
1359 945 1414 986 ad
1445 943 1527 986 hoc

37 1000 259 1044 ordinatus
286 1008 365 1056 est,
394 1008 444 1044 ut
470 1002 526 1044 sit
544 1002 744 1059 princeps
773 1002 909 1058 pacis,
938 1015 1115 1058 regnum
1142 1000 1390 1057 pacificaret
1417 1000 1528 1056 pari-

34 1062 188 1114 terque
223 1055 448 1101 ecelesiam
489 1057 648 1101 Christi
686 1059 732 1100 in
770 1058 977 1099 unitatem
1013 1056 1227 1113 redigeret
1262 1063 1305 1099 et
1340 1071 1390 1098 ea
1420 1070 1529 1113 quae

36 1112 235 1170 dispersa
270 1119 371 1156 sunt
404 1114 450 1155 in
487 1128 620 1156 unum
657 1121 950 1170 congregaret,
995 1127 1096 1156 ecce
1138 1113 1183 1154 in
1231 1127 1361 1170 quem
1396 1118 1529 1155 totam

34 1182 160 1226 spem
193 1175 397 1226 posuerat
430 1169 722 1213 adversarium
759 1169 981 1223 sentiebat,
1017 1175 1166 1226 utpote
1234 1169 1279 1210 ui
1317 1182 1404 1210 non
1447 1167 1531 1210 sibi

36 1223 110 1268 vel
147 1239 226 1268 suo
263 1240 412 1282 regno,
449 1225 526 1269 sed
563 1225 759 1269 hostibus
788 1232 937 1268 contra
964 1240 1009 1267 se
1040 1224 1211 1267 consule
1244 1231 1288 1267 at
1317 1237 1529 1280 opemque

36 1279 216 1336 ferebat,
242 1286 294 1324 ut
319 1296 420 1324 eum
447 1288 523 1324 aut
551 1280 812 1338 expellerent
840 1289 914 1323 aut
934 1282 1106 1323 omnino
1135 1279 1374 1337 perderent,
1434 1278 1529 1321 nale

37 1336 229 1380 officium
255 1351 343 1380 non
371 1344 438 1380 est
464 1352 625 1391 eorum,
655 1337 709 1380 de
735 1337 891 1394 quibus
912 1351 939 1378 a
957 1337 1146 1378 Domino
1167 1336 1271 1378 dicit
1298 1350 1408 1392 prop
1441 1341 1743 1385 etatnom.1o,1⁶.

42 1391 188 1442 Quam
205 1394 404 1449 speciosi,
422 1394 633 1450 inquiens,
647 1394 783 1449 pedes
798 1393 1194 1450 euanqelizantium
1205 1407 1374 1448 pacem,
1394 1407 1527 1433 euan—
1542 1410 1621 1437 sah.
1641 1411 1724 1442 1,15.

34 1448 324 1506 gelizantium
343 1449 470 1492 bona.
510 1449 647 1505 Igitur
666 1449 859 1491 Christus
888 1463 976 1505 pax
1005 1455 1069 1490 est
1098 1454 1140 1491 et
1158 1447 1370 1490 hereditas
1399 1446 1704 1501 eccle-10„52,-1,

37 1505 129 1548 sine
155 1519 246 1562 pax
274 1511 350 1559 est,
390 1506 592 1562 quoniam
627 1504 911 1558 Hierusalem,
948 1519 1058 1561 quae
1095 1519 1264 1546 sursum
1298 1510 1363 1547 est
1398 1511 1440 1546 et
1467 1510 1532 1546 est

37 1568 178 1604 mater
212 1561 404 1604 omnium
437 1568 643 1614 nostrum,
683 1561 792 1603 visio
830 1561 950 1617 pacis
986 1561 1299 1616 interpretatur,
1335 1559 1449 1602 unde
1489 1567 1532 1602 et

36 1615 146 1659 nihil
172 1615 292 1659 aliud
310 1617 452 1674 patria
470 1624 617 1660 nostra
643 1617 726 1658 nisi
754 1630 844 1673 pax
867 1623 1058 1658 vocatur.
1107 1616 1193 1669 Qui
1219 1623 1363 1658 autem
1384 1622 1532 1658 contra

38 1686 193 1738 pacem
219 1673 336 1726 facit,
365 1672 572 1716 adversus
593 1672 810 1715 Christum
831 1679 874 1714 et
893 1671 1116 1714 ecclesiam
1138 1671 1254 1715 facit.
1302 1671 1388 1720 Qui
1406 1678 1531 1725 enim,
1544 1692 1620 1719 Luc.
1638 1691 1748 1724 uas.

40 1743 87 1770 m
115 1729 193 1784 uit,
221 1743 385 1772 mecum
411 1745 501 1772 ‘non
527 1736 603 1783 est,
633 1730 863 1771 adversum
892 1743 956 1770 me
977 1735 1051 1782 est,
1081 1735 1119 1770 et
1148 1730 1226 1785 qui
1253 1743 1415 1770 mecum
1444 1743 1532 1770 ‘non

37 1800 64 1828 c
131 1787 142 1797 ‘
180 1787 190 1797 ⁰
206 1816 220 1839 ,
257 1785 487 1843 disperqit,
528 1786 608 1828 hoc
644 1792 709 1827 est
744 1785 950 1827 unitatem
987 1783 1192 1826 ecclesiae
1229 1783 1398 1837 scindit,
1429 1798 1533 1840 quo-

39 1840 158 1884 niam
204 1839 381 1898 quidem
428 1855 554 1884 nemo
601 1842 684 1882 nisi
731 1841 844 1882 intra
886 1841 1092 1882 unitatem
1136 1838 1340 1883 ecclesiae
1379 1839 1533 1881 salvari

74 1897 241 1940 eterit&
298 1897 525 1940 Praeterea
560 1904 709 1939 contra
753 1895 970 1939 Christum
1014 1910 1184 1952 quoque
1228 1902 1271 1938 et
1307 1894 1533 1937 ecclesiam

110 1953 158 2007 it,
188 1952 451 2017 quicumque
470 1953 673 1996 terminos
694 1958 863 2008 patrum
889 1965 1063 1993 suorum
1083 1958 1374 2007 transgressus
1394 1950 1534 2003 fuerit,

42 2007 127 2051 hoc
164 2014 231 2051 est
267 2009 590 2051 constitutiones
629 2022 842 2050 canonum
873 2007 1119 2059 excesserit,
1156 2007 1229 2062 qui
1269 2006 1534 2047 constituunt

42 2070 88 2107 et
123 2062 422 2106 constituendo
459 2062 720 2117 describunt,
761 2069 808 2104 ut
843 2076 968 2104 nemo
998 2062 1125 2104 rebus
1155 2062 1242 2103 suis
1271 2068 1347 2104 aut
1373 2061 1534 2103 honore

99 2118 252 2162 oliatns
292 2118 430 2175 possit
470 2120 685 2172 accusari,
727 2118 893 2166 vocari,
938 2117 1117 2160 iudicari
1161 2117 1251 2159 sive
1299 2116 1493 2159 damnari
1505 2124 1534 2159 ².

88 2189 170 2219 uae
206 2188 302 2217 cum
339 2175 400 2216 ita
438 2175 523 2217 sint
560 2181 602 2217 et
638 2189 719 2217 nec
754 2175 865 2216 inter
903 2173 1135 2215 catholicos
1168 2188 1213 2215 re
1247 2171 1394 2214 utandi
1438 2179 1537 2215 sunt

45 2231 120 2288 qui
150 2237 397 2274 sanctorum
428 2238 597 2296 patrum
627 2244 812 2272 canones
835 2230 989 2286 spiritu
1010 2230 1094 2271 Dei
1114 2243 1194 2270 con
1226 2229 1306 2271 itos
1336 2236 1378 2271 et
1407 2229 1536 2271 totius

44 2285 195 2329 mundi
237 2294 476 2330 reverentla
513 2293 784 2329 consecratos
821 2285 1074 2342 transgressi
1111 2284 1279 2337 suerint,
1321 2283 1536 2341 quomodo

43 2342 204 2400 poterit
230 2357 309 2385 rex
337 2342 460 2385 iuxta
488 2343 624 2384 minas
653 2341 886 2400 supradicti
946 2354 1054 2398 apae
1074 2339 1330 2382 Hildebrant
1358 2339 1536 2382 iudicari

42 2397 114 2441 vel
151 2397 379 2441 damnari?
418 2412 516 2440 cum
556 2413 637 2440 nec
675 2397 849 2440 inferior
887 2356 1039 2454 aiiquis
1077 2397 1211 2453 possit
1248 2396 1442 2438 accusari
1470 2394 1538 2438 vel

44 2454 206 2508 vocari,
242 2453 450 2511 quamdiu
492 2453 698 2511 spoliatus
740 2460 805 2495 est
842 2452 970 2495 rebus
1009 2454 1097 2495 suis
1133 2450 1200 2494 vel
1239 2451 1382 2508 aliqua
1417 2458 1538 2508 parte

47 2509 222 2552 honoris
259 2510 339 2555 sui.
399 2509 583 2552 Proinde
621 2524 823 2567 magnum
859 2509 907 2552 fit
935 2507 1182 2551 scandalum
1213 2508 1318 2550 viris
1348 2506 1536 2550 saecula—

45 2565 181 2619 ribus,
218 2564 391 2630 quando
427 2565 623 2619 viderint,
663 2565 825 2622 despici
865 2579 1008 2607 sacros
1037 2578 1222 2606 canones
1256 2564 1310 2605 ab
1343 2563 1539 2606 ecclesia-

44 2620 165 2663 sticis
202 2619 495 2676 dignitatibus,
535 2621 719 2678 ideoque
757 2619 927 2663 videtur
963 2620 1044 2662 hoc
1085 2619 1328 2675 contigisse,
1366 2627 1412 2662 ut
1442 2633 1538 2661 con-

44 2689 181 2732 gruus
227 2674 363 2717 honor
404 2690 455 2718 ac
499 2677 738 2719 reverentia
780 2690 866 2718 non
902 2675 1156 2718 exhibeatur
1193 2676 1422 2732 episcopis,
1466 2674 1538 2731 qui

54 2808 92 2850 1)
126 2808 181 2842 Of.
211 2807 382 2851 Cypriani
414 2806 524 2841 illud:
560 2808 701 2842 Habere
729 2819 801 2841 non
821 2812 935 2851 potest
964 2807 1077 2841 Deum
1098 2814 1250 2850 patrem,
1276 2807 1337 2848 qui
1362 2803 1541 2839 ecclesiam

44 2868 120 2890 non
138 2856 240 2889 habet
258 2861 414 2894 matrem,
433 2856 508 2888 sive
527 2855 634 2889 illud:
653 2862 755 2889 atra
773 2855 955 2890 ecclesiam
968 2856 1069 2889 nulla
1086 2867 1164 2899 spec
1178 2854 1318 2888 uelutis.
1371 2854 1407 2894 2)
1427 2853 1540 2896 Epist.

49 2905 137 2939 Iulii
163 2915 292 2949 papae,
318 2905 436 2937 Manui
463 2903 513 2946 11,
541 2915 574 2948 p.
598 2905 706 2937 1185.
