1878 3308
339 288 406 320 122
579 288 645 321 DE
673 287 883 321 UNITATE
910 287 1182 322 EOCLESIAE
1211 288 1576 325 OONSERVANDA.

335 404 503 441 noctem
542 414 621 456 pro
659 400 740 453 die,
779 399 998 443 interitum
1036 414 1115 456 pro
1162 400 1312 455 salute,
1356 401 1695 459 desperationem
1741 402 1822 446 sub

336 456 512 498 obtentu
549 457 654 512 spei,
691 456 916 512 perfidiam
957 455 1038 498 sub
1082 463 1310 513 praetextu
1353 458 1466 512 fidei,
1509 458 1823 502 Antichristum

336 512 414 555 sub
455 511 665 554 vocabulo
697 511 870 567 Christi,
907 518 965 566 ut,
1006 512 1109 554 dum
1138 512 1385 556 verisimilia
1412 515 1687 570 mentiuntur,
1715 516 1823 559 veri-

335 574 466 610 tatem
496 568 728 611 subtilitate
758 571 1024 612 frustrentur.
1802 621 1804 623 ‚

142 628 322 665 (xxxvm)
448 626 516 667 39.
575 625 721 678 Sicut,
757 626 973 682 inquiunt,
1014 626 1128 667 enim
1172 632 1350 668 sanctus
1386 632 1517 682 pater
1559 628 1824 670 Benedictus

337 681 510 723 audivit
531 697 559 722 a
576 681 748 724 diabolo
769 682 1033 735 maledicte,
1053 688 1091 723 et
1111 696 1200 724 non
1221 682 1462 724 ‘benedicte'
1482 698 1558 726 nec
1577 682 1646 726 illi
1659 685 1822 738 nocuit,

333 739 398 780 ita
428 744 466 779 et
496 738 563 779 liis
587 738 793 795 Wiyberti
818 737 1062 780 maledictio
1091 753 1179 780 non
1210 738 1387 781 nocebit.
1432 738 1549 792 Quid
1577 739 1710 796 ergo?
1737 754 1823 782 non

334 792 507 835 nocebit
527 793 736 836 eiusmodi
756 793 990 847 monachis,
1022 794 1137 850 quod
1157 795 1409 851 transgressi
1431 802 1530 838 sunt
1556 810 1635 852 per
1654 809 1823 839 omnem

334 849 509 891 modum
527 850 850 893 constitutiones
864 850 1106 907 praedictae
1122 850 1277 907 synodi
1294 849 1685 894 Chalcedonensis?
1714 851 1825 895 Con-

334 907 527 949 stitutum
566 912 654 949 est¹
696 906 906 963 siquidem
943 907 1053 949 inter
1083 913 1237 961 cetera,
1266 907 1498 950 monachos
1527 922 1606 965 per
1634 907 1824 964 singulas

334 963 531 1005 civitates
569 970 611 1006 et
648 963 892 1019 provincias
937 963 1152 1020 episcopis
1192 963 1388 1006 subditos
1425 979 1518 1007 esse
1557 970 1600 1007 et
1666 966 1824 1008 uietem

333 1017 523 1075 diligere,
567 1033 841 1076 nequaquam
883 1027 1027 1062 autem
1075 1018 1373 1062 ecclesiasticis
1421 1020 1490 1063 vel
1532 1034 1661 1063 saecu
1677 1020 1823 1063 aribus

331 1074 461 1118 rebus
506 1077 834 1129 communicare,
878 1075 1040 1132 alioqui
1087 1075 1248 1118 alienos
1297 1091 1390 1118 esse
1437 1076 1492 1119 ab
1536 1075 1824 1120 ecclesiastica

122 1141 318 1172 semim-219.
333 1132 644 1174 communione.
705 1130 831 1174 Certe
860 1131 1174 1174 firmamentum
1203 1132 1289 1174 Dei
1319 1139 1414 1186 stat,
1451 1139 1494 1175 et
1528 1133 1645 1190 quod
1677 1140 1824 1176 aucto·

330 1189 455 1230 ritate
477 1188 791 1231 constitutionis
811 1187 1126 1231 ecclesiasticae
1155 1189 1396 1245 praefixum
1417 1197 1494 1244 est,
1523 1188 1640 1231 nulla
1659 1190 1823 1232 ratione

333 1243 512 1286 convelli
549 1250 701 1301 potest,
741 1245 861 1286 iuxta
931 1243 1016 1286 uod
1051 1250 1093 1287 et
1127 1250 1299 1286 sanctus
1339 1259 1454 1301 papa
1494 1244 1730 1302 Gregorius
1769 1245 1823 1289 de

333 1300 545 1342 eiusmodi
582 1301 771 1343 scribens
809 1300 865 1342 ad
917 1301 1128 1343 ohannem
1162 1300 1435 1344 Larissaeum
1472 1303 1723 1358 episcopum
1760 1303 1823 1344 in-

333 1357 494 1399 dicat²t
525 1366 696 1410 consona,
722 1357 936 1413 inquiens,
956 1365 1087 1401 sanctis
1102 1366 1269 1410 patribus
1291 1367 1503 1411 diffinitione
1528 1368 1717 1410 sancimus,
1745 1371 1822 1411 uta,

333 1416 395 1461 qui
427 1417 540 1450 sacris
573 1417 682 1450 nescit
715 1416 855 1451 obedire
887 1415 1091 1457 canonibus,
1124 1427 1187 1450 nec
1220 1416 1332 1450 sacris
1366 1415 1617 1450 administrare
1650 1416 1823 1451 altaribus

333 1474 388 1507 vel
425 1472 699 1506 communionem
737 1482 862 1515 capere
904 1472 950 1505 sit
989 1471 1132 1515 dignus.
1199 1461 1257 1502 Et
1293 1461 1437 1503 Videte
1473 1460 1656 1518 amplius
1694 1468 1824 1519 atque

333 1517 557 1574 intelligite
603 1517 825 1559 attentius!
884 1516 951 1559 Illi
995 1517 1110 1558 enim
1154 1517 1364 1572 monachi,
1410 1517 1464 1559 de
1509 1532 1690 1575 quorum
1735 1518 1823 1575 epi-

335 1573 442 1617 stola
484 1579 738 1627 tractamus,
790 1588 876 1615 non
930 1572 1065 1615 solum
1115 1587 1193 1628 per
1247 1574 1500 1630 scripturam
1553 1588 1697 1629 suam,
1747 1573 1823 1616 sed

333 1645 410 1686 per
459 1644 628 1672 omnem
677 1643 852 1686 operam
900 1643 1020 1671 suam
1063 1628 1296 1672 defendunt
1338 1645 1389 1672 ea
1429 1629 1689 1686 flagitiorum
1734 1643 1825 1672 sce-

333 1687 439 1740 lera,
488 1700 597 1742 quae
641 1700 719 1742 per
767 1686 1034 1728 occasionem
1079 1684 1176 1728 belli
1216 1686 1352 1727 solent
1386 1685 1502 1739 fieri,
1543 1687 1666 1729 iuxta
1709 1685 1824 1742 quod

335 1743 497 1784 dictum
529 1748 593 1784 est
621 1755 762 1798 supra.
806 1741 863 1783 Et
894 1742 1003 1783 sicut
1031 1741 1115 1796 ipsi
1144 1741 1339 1783 furantur
1367 1742 1420 1784 de
1451 1742 1581 1783 sacris
1601 1743 1823 1798 scripturis

333 1799 591 1852 testimonia,
621 1798 820 1854 quatinus
850 1797 1036 1839 condant
1066 1803 1109 1839 et
1137 1803 1322 1840 statuant
1349 1796 1522 1840 hereses
1552 1803 1595 1840 et
1623 1800 1825 1840 scismata
1851 1803 1854 1805 ’

335 1870 426 1908 sua,
466 1855 527 1896 sic
564 1854 691 1896 etiam
731 1853 963 1895 defendunt
1005 1853 1133 1907 fures,
1175 1853 1410 1896 homicidas
1449 1860 1578 1910 atque
1616 1855 1823 1910 periuros,

336 1912 444 1953 sicut
473 1924 604 1967 supra
630 1911 846 1952 invenitur
884 1911 929 1951 in
955 1910 1147 1965 ipsorum
1177 1910 1402 1967 scriptura.
1462 1909 1548 1952 Sed
1587 1910 1825 1954 ostenditur

334 1966 568 2009 Zachariae
598 1965 832 2023 prophetae
861 1965 1061 2009 volumen
1090 1965 1251 2021 volans,
1287 1965 1367 2008 hoc
1408 1972 1473 2008 est
1500 1966 1709 2009 iudicium
1737 1967 1824 2009 Dei

335 2024 390 2066 ab
430 2023 595 2065 occulto
634 2022 849 2078 prodiens,
888 2023 956 2064 cui
991 2028 1034 2065 et
1073 2022 1249 2064 dicitur:
1295 2023 1418 2065 Haec
1461 2029 1521 2064 est
1562 2023 1823 2077 maledictio,

365 2095 448 2121 uae
493 2080 736 2136 egredietur
779 2094 912 2135 super
940 2079 1111 2135 faciem
1153 2080 1291 2121 omnis
1335 2085 1500 2131 terrae,
1537 2080 1644 2135 quia
1683 2081 1823 2122 omnis

123 2096 427 2193 zach.5‚3.4.}ur‚
457 2138 568 2178 sicut
595 2136 659 2178 ibi
687 2136 897 2190 scriptum
926 2142 999 2188 est,
1028 2135 1315 2187 iudicabitur,
1344 2141 1382 2177 et
1411 2136 1551 2178 omnis
1580 2137 1740 2178 iurans
1769 2150 1823 2177 eoe

337 2194 414 2234 hoc
457 2191 658 2234 similiter
699 2192 984 2234 iudicabitur.
1044 2192 1242 2233 Educam
1287 2190 1414 2243 illud,
1458 2191 1566 2234 dicit
1604 2191 1824 2233 Dominus

337 2250 614 2302 ewercituum,
645 2254 682 2289 et
701 2249 839 2290 veniet
869 2248 929 2289 ad
950 2248 1120 2289 domum
1137 2248 1268 2303 furis
1298 2254 1335 2288 et
1355 2248 1415 2289 ad
1435 2248 1607 2289 domum
1626 2249 1824 2290 iurantis

335 2305 385 2346 in
407 2305 579 2347 nomine
598 2319 688 2346 meo
708 2304 986 2356 mendaciter,
1017 2310 1055 2345 et
1075 2305 1404 2346 commorabitur
1432 2305 1482 2345 in
1510 2303 1649 2357 medio
1670 2304 1823 2346 domus

174 2368 321 2406 (XXXIX)
337 2362 431 2402 eius
460 2367 498 2403 et
517 2366 734 2403 consumet
753 2375 862 2412 eum,
893 2361 1086 2402 animam
1115 2359 1276 2401 scilicet
1303 2375 1399 2401 cum
1419 2374 1610 2414 corpore.
1630 2384 1677 2390 —
1697 2358 1824 2402 Sicut

337 2418 463 2470 enim,
493 2417 703 2472 inquiunt,
733 2422 912 2458 sanctus
939 2422 1067 2471 pater
1095 2416 1357 2458 Benedictus
1387 2415 1559 2456 audivit
1592 2430 1621 2456 a
1649 2415 1822 2458 diabolo

339 2472 588 2514 ‘maledicte’
618 2478 656 2513 et
684 2487 771 2513 non
793 2471 1034 2514 ‘benedicte'
1062 2487 1138 2513 nec
1167 2471 1237 2513 illi
1265 2472 1425 2524 nocuit,
1455 2472 1521 2512 ita
1550 2477 1587 2512 et
1615 2471 1683 2512 his
1706 2471 1822 2527 Wiy-

337 2527 446 2569 berti
472 2528 717 2570 maledictio
746 2543 834 2569 non
856 2527 1031 2580 nocebit,
1056 2529 1183 2569 immo
1207 2528 1351 2582 mayis
1369 2526 1572 2582 proderit
1593 2527 1653 2568 ad
1671 2527 1822 2569 Domi-

135 2595 185 2622 Pe.
197 2592 323 2627 1⁰8128·
337 2599 440 2625 num
477 2584 718 2626 dicentibus
756 2599 851 2625 cum
888 2589 1036 2624 sancto
1067 2583 1242 2624 David:
1284 2582 1562 2625 ‘Maledicent
1599 2581 1669 2625 illi
1707 2589 1746 2625 et
1772 2589 1821 2625 tu

338 2638 582 2681 benedices’.
638 2639 774 2680 Ecce!
813 2639 887 2695 qui
925 2638 1162 2680 docuerunt
1195 2638 1386 2694 linguam
1423 2652 1542 2680 suam
1578 2639 1750 2681 mentiri
1779 2643 1822 2681 et

336 2694 604 2748 maledicere,
625 2694 773 2736 dicunt
792 2709 836 2736 se
856 2693 1206 2736 maledicentibus
1226 2694 1493 2749 benedicere,
1514 2695 1587 2751 qui
1603 2694 1822 2737 Christum

338 2758 381 2794 et
409 2750 633 2794 ecclesiam
671 2765 757 2792 non
793 2758 961 2793 cessant
999 2750 1305 2806 blasphemare,
1343 2750 1488 2807 quales
1516 2750 1693 2793 tradidit
1721 2764 1822 2807 apo-

127 2816 268 2850 1-00126,
279 2817 324 2842 10-
338 2806 469 2850 stolus
493 2808 689 2861 Satanae,
720 2812 767 2849 ut
786 2806 954 2849 discant
976 2821 1063 2849 non
1085 2806 1395 2864 blasphemare.
1438 2806 1552 2849 Ecce
1573 2808 1701 2862 enim,
1722 2820 1837 2855 cum,

339 2891 368 2926 a)
389 2893 431 2919 ita
453 2892 555 2925 Grey.,·
577 2894 607 2918 et
630 2894 656 2919 1.

341 2956 378 3000 1)
403 2956 598 2990 Hinschius
623 2956 648 2990 1.
675 2966 708 2989 c.
734 2967 770 3000 p.
798 2955 880 2990 285.
980 2954 1019 3000 2)
1046 2956 1211 3001 Gregorii
1236 2955 1420 3000 Epistulae
1445 2956 1517 2998 111,
1544 2955 1577 2990 ¹7.
