1878 3308
347 282 415 316 DE
440 282 652 317 UNITATE
678 284 951 319 ECCLESIAE
978 285 1349 322 CONSERVANDA.
1581 292 1605 324 3

109 397 328 451 spectaret
344 407 514 436 summa
532 397 678 451 regiae
696 397 921 453 potestatis
941 404 984 440 et
1003 397 1145 451 officii,
1175 398 1337 442 electus
1357 408 1421 443 est
1440 403 1605 457 primus

109 463 169 492 ex
194 448 427 516 praefectis
454 450 603 507 palatii
631 453 677 494 in
706 467 851 509 regem
880 459 925 496 at
957 468 1010 496 ue
1039 453 1260 498 ordinatus
1289 463 1355 498 est
1382 471 1460 512 per
1489 457 1603 500 beati

43 552 49 555 ¹
107 504 323 548 Bomfmfi
340 505 583 562 Moguntini
601 507 911 566 archiepiscopi
984 509 1272 554 nedictionem
1285 520 1314 566 ¹,
1335 514 1455 568 prius
1476 528 1607 570 super

108 560 191 604 hoe
232 569 414 618 experto
458 562 696 607 Zachariae
737 578 878 621 papae
919 565 1095 619 iudicio,
1141 568 1243 623 quia
1285 582 1518 612 consensus
1562 578 1605 612 et

107 618 342 661 auotoritas
371 617 554 661 Romani
583 620 802 676 pontificis
830 622 1072 664 necessaria
1099 622 1199 665 huic
1218 623 1449 667 videbatur
1475 641 1529 668 ne
1561 641 1605 668 o·

107 673 183 717 tio.
239 673 400 716 Missus
439 682 504 717 est
541 676 655 717 enim
682 675 740 718 ad
768 691 866 718 eum
895 677 1153 721 venerabilis
1181 680 1296 722 vitae
1325 680 1521 724 Burchar
1551 697 1605 724 us

106 728 306 773 Wirzibu
385 730 474 773 nsis
502 730 711 774 ecclesiae
740 733 968 789 episcopus
1006 748 1102 776 cum
1133 735 1228 777 aliis
1263 736 1317 778 ad
1348 735 1458 780 hanc
1486 737 1605 795 lega·

107 785 268 828 tionem
306 786 322 827 i
355 787 474 829 oneis
511 788 697 840 nuntiis,
735 789 809 845 qui
848 803 905 830 ex
939 790 1154 833 mandatis
1191 793 1436 849 principum
1476 794 1605 837 inter·

106 847 310 897 rogarent
337 842 430 884 eius
459 844 694 886 sententiae
724 843 945 887 oraculum
980 854 1023 889 et
1059 848 1303 903 acciperent
1332 863 1600 905 responsum,

138 897 326 940 uomodo
354 905 531 955 possent
557 899 790 943 reformare
817 915 998 958 regnum
1022 903 1287 945 Francorum
1320 905 1363 945 in
1394 906 1600 961 pristinae

106 911 328 1010 dignitatis
356 960 530 1008 statum,
558 955 675 1012 quod
694 955 826 999 multo
855 958 942 999 iam
970 966 1163 1015 tempore
1193 974 1278 1001 non
1297 960 1474 1004 haberet
1491 963 1601 1018 regii

106 1009 282 1052 honoris
340 1010 597 1066 rivilegium,
627 1011 747 1054 illum
782 1027 883 1055 vero
921 1014 994 1070 qui
1031 1030 1108 1056 rex
1138 1015 1352 1058 diceretur
1379 1016 1484 1059 nihil
1512 1032 1601 1059 am-

104 1063 221 1122 plius
256 1064 314 1108 ha
368 1080 416 1107 re
455 1067 539 1109 nisi
568 1067 784 1125 quoddam
811 1069 912 1111 vani
951 1071 1136 1113 nominis
1175 1071 1471 1127 simulacrum,
1501 1087 1598 1115 cum

104 1135 186 1165 nec
205 1134 312 1179 opes
339 1136 421 1165 nec
440 1125 634 1180 potentia
659 1139 742 1166 nec
765 1124 911 1182 aliqua
930 1125 1155 1183 dispositio
1184 1129 1307 1184 regni
1336 1129 1451 1184 apud
1479 1129 1599 1171 illum

105 1184 230 1230 esset,
259 1177 335 1220 sed
360 1178 478 1234 apud
497 1182 702 1222 maiorem
722 1180 888 1235 domus,
919 1183 1179 1239 quicumque
1198 1183 1359 1240 palatio
1390 1192 1599 1240 preesset;

102 1233 287 1290 proinde
310 1234 471 1277 iustum
500 1243 543 1278 et
561 1235 759 1278 idoneum
781 1236 863 1278 sibi
893 1238 1046 1293 videri,
1076 1247 1124 1282 ut
1142 1238 1197 1280 ab
1218 1239 1438 1282 Hilderico
1467 1241 1601 1283 totius

102 1289 251 1355 regiae
280 1288 503 1346 dignitatis
533 1299 576 1335 et
603 1293 822 1348 potentiae
852 1293 937 1335 iam
968 1309 1023 1336 ex
1044 1294 1299 1338 hereditaria
1328 1297 1600 1339 successione

102 1352 274 1402 privato
301 1345 604 1390 transferretur
630 1349 798 1404 regium
829 1363 985 1392 nomen
1013 1350 1069 1392 ad
1090 1351 1335 1407 Pippinum,
1365 1359 1465 1394 tunc
1491 1360 1596 1395 tem-

134 1401 221 1443 oris
247 1401 511 1458 praefectum
542 1403 701 1459 palatii,
731 1405 807 1469 qui
836 1419 914 1461 pro
934 1404 1156 1448 nobilitate
1185 1421 1263 1449 sua
1290 1414 1418 1464 atque
1438 1408 1594 1451 virtute

133 1457 145 1467 ’
206 1471 258 1499 us
298 1457 462 1511 fuisset,
507 1460 709 1515 quatinus
751 1474 859 1516 ipse,
903 1462 975 1517 qui
1020 1461 1137 1503 domi
1176 1469 1220 1504 et
1257 1462 1434 1506 militiae
1472 1464 1595 1520 regni

100 1526 159 1569 gu
218 1512 396 1556 macula
422 1514 588 1557 fortiter
615 1523 879 1571 procuraret,
909 1531 1006 1559 cum
1026 1517 1172 1561 labore
1200 1519 1359 1574 pariter
1387 1525 1428 1561 et
1453 1519 1597 1562 officio

99 1582 256 1612 nomen
284 1570 399 1625 regis
429 1571 731 1613 convenienter
759 1573 871 1614 susci
906 1580 1007 1616 eret.
1052 1575 1246 1626 Quorum
1266 1574 1594 1631 postulationem

101 1638 200 1668 cum
229 1639 414 1683 aequam
441 1633 570 1684 atque
600 1627 747 1670 utilem
776 1627 864 1669 Zac
895 1629 1008 1671 arias
1038 1643 1153 1686 papa
1179 1629 1424 1683 iudicasset,
1458 1630 1515 1672 ad
1543 1645 1595 1673 ea

100 1694 212 1739 quae
224 1680 500 1738 postulabant
511 1684 737 1737 consensit,
750 1690 794 1725 at
826 1699 878 1726 ue
889 1685 1081 1727 eiusdem
1092 1700 1326 1728 consensus
1339 1687 1593 1729 sententiam

98 1744 250 1794 postea.
284 1737 530 1794 Stephanus
565 1753 681 1796 papa
715 1753 796 1782 con
894 1742 997 1795 avit,
1034 1748 1076 1783 et
1104 1742 1154 1783 Pi
1219 1743 1317 1784 inus
1355 1743 1493 1785 faetus
1529 1751 1594 1786 est

98 1807 179 1836 rex
197 1794 415 1836 communi
445 1794 650 1851 suffragio
670 1796 915 1852 principum
927 1804 958 1850 ²,
985 1804 1114 1854 atque
1134 1756 1380 1840 &ildericus
1404 1813 1459 1840 ex
1478 1813 1594 1840 vano

97 1850 270 1892 nomine
378 1850 388 1859 '
442 1852 678 1915 promeruit
703 1857 949 1894 tonsuratus
978 1867 1180 1895 coronam
1211 1856 1469 1897 monasticae
1497 1854 1592 1896 reli-

96 1905 238 1962 gionis
278 1912 321 1948 et
385 1905 594 1949 abitum&
653 1907 782 1960 Quod
823 1908 859 1950 si
896 1910 957 1950 ita
992 1914 1068 1962 est,
1105 1910 1236 1951 immo
1306 1911 1378 1951 uia
1415 1912 1476 1952 ita
1512 1917 1593 1963 est,

96 1960 269 2005 videtur
304 1961 578 2018 supradictus
616 1977 730 2019 papa
760 1963 1012 2019 Gregorius,
1079 1965 1124 2006 ui
1152 1972 1195 2007 et
1224 1965 1280 2007 Hi
1299 1965 1485 2018 dibrant‚
1514 1967 1590 2006 im-

98 2017 251 2061 merito
280 2016 392 2060 hanc
421 2023 566 2060 notam
594 2018 653 2060 im
688 2019 853 2061 osuisse
882 2018 951 2060 vel
979 2019 1067 2060 Zac
1099 2020 1215 2062 ariae
1253 2019 1322 2063 vel
1353 2019 1590 2077 Stephano,

96 2071 310 2130 religiosis
338 2072 614 2129 pontificibus
684 2088 862 2116 omanae
891 2073 1109 2128 ecelesiae,
1139 2083 1187 2117 ut
1215 2077 1299 2132 ipsi
1329 2075 1420 2117 sola
1446 2084 1590 2118 aucto-

97 2128 222 2172 ritate
259 2142 340 2171 sua
376 2128 644 2171 Hildericum
687 2144 715 2172 a
756 2143 889 2185 regno
934 2129 1196 2186 deponerent
1236 2138 1279 2173 et
1319 2130 1591 2174 absolverent

97 2197 246 2228 omnes
266 2184 553 2241 Francigenas
575 2199 602 2227 a
621 2186 861 2228 iuramento
882 2185 1110 2239 fidelitatis,
1140 2200 1270 2243 quam
1290 2186 1351 2228 illi
1372 2186 1588 2241 fecissent,

97 2254 197 2283 cum
216 2239 398 2283 fortasse
418 2241 471 2294 ei,
501 2241 576 2297 qui
605 2240 847 2283 huiusmodi
878 2248 969 2283 erat
989 2242 1109 2284 iuxta
1139 2242 1253 2299 quod
1274 2257 1403 2299 supra
1424 2243 1588 2285 dictum

97 2302 175 2350 est,
222 2297 442 2353 principes
491 2298 612 2353 regni
660 2297 837 2362 aliquod
883 2298 1167 2340 iuramentum
1217 2298 1319 2341 dare
1363 2298 1451 2340 indi
1485 2314 1588 2341 num

97 2351 335 2396 duxissent.
394 2353 468 2395 Sic
507 2354 621 2395 enim
658 2354 857 2410 scripsit⁴
897 2354 1005 2396 inter
1040 2354 1124 2395 alia
1160 2354 1345 2410 plurima
1379 2354 1434 2396 ad
1453 2314 1570 2397 {leri

97 2422 301 2452 mannum
315 2408 552 2451 Metensem
572 2409 836 2466 episcopum,
854 2416 901 2452 ut
915 2410 1211 2453 corroboraret
1226 2425 1303 2466 per
1318 2409 1399 2452 hoc
1418 2411 1590 2453 animos

96 2465 284 2521 partium
326 2479 513 2518 suarum,
550 2466 752 2522 quatinus
794 2472 886 2508 tuto
930 2464 1218 2523 relinquerent
1261 2480 1405 2521 regem
1449 2481 1589 2519 suum,

124 2520 220 2563 usai
255 2521 348 2577 ipse
383 2520 464 2563 hoc
499 2520 697 2577 exemplo
732 2528 987 2577 potestatem
1023 2521 1199 2564 haberet
1232 2520 1445 2578 deponere
1475 2537 1587 2564 eum.

97 2533 304 2630 Quidam,
338 2577 493 2633 inquit,
531 2578 758 2619 Romanus
790 2578 1000 2633 pomifero
1028 2593 1168 2634 reqem
1198 2578 1469 2621 Francorum
1499 2594 1587 2620 ‘non

98 2637 188 2674 tam
213 2646 299 2687 pro
329 2633 422 2674 suis
450 2633 761 2689 iniquitatibus
790 2648 919 2689 quam
945 2648 1032 2690 pro
1057 2648 1118 2687 eo,
1149 2634 1266 2689 quod
1294 2640 1442 2675 tantae
1463 2640 1586 2690 pote-

101 2769 138 2811 1)
164 2768 220 2804 cf.
244 2770 336 2804 Anu.
362 2770 469 2804 Eiuh.
495 2781 529 2804 n.
558 2771 640 2804 750.
728 2772 765 2814 2)
793 2771 848 2806 Cf.
875 2772 967 2806 Anu.
995 2773 1099 2805 Einh.
1127 2783 1157 2806 a.
1189 2773 1270 2805 749.
1304 2775 1340 2805 et
1365 2774 1454 2806 Ann.
1481 2771 1586 2805 Fuld.

97 2828 132 2852 ι.
160 2817 243 2851 ⁷51.
277 2822 314 2852 et
340 2819 422 2851 7⁶2.
509 2819 547 2861 8)
581 2819 635 2853 cf.
662 2819 752 2854 Ann-
780 2820 885 2854 Fuld.
917 2831 951 2854 ι.
980 2820 1063 2854 762.
1162 2821 1200 2862 4)
1236 2820 1325 2854 Scil.
1360 2821 1396 2853 in
1422 2820 1486 2853 iun
1511 2821 1584 2863 epi·

95 2865 201 2906 stult,
227 2877 333 2910 quam
352 2867 477 2901 Idibus
494 2867 634 2901 Martiis
659 2869 741 2901 anni
763 2867 868 2901 1081.
895 2868 942 2901 nd
963 2869 1219 2902 Herimsnnnm
1247 2869 1342 2902 misit
1367 2868 1587 2911 (nagistrum

96 2915 199 2954 vm,
226 2915 298 2956 21;
323 2914 416 2949 Jaffd
443 2915 494 2956 11,
520 2927 555 2959 p.
581 2915 681 2957 458).

1223 2969 1273 3001 μ
