1878 3308
326 277 395 312 DE
418 278 630 313 UNITATE
656 277 929 313 EchESIAE
956 277 1324 313 CONSERVANDA.
1540 278 1586 312 57

89 388 282 433 faventes
296 390 670 434 excommunicato
690 390 782 447 regi
797 389 1016 433 Henricho
1030 388 1243 432 noluerint
1258 388 1472 432 declinare
1489 398 1588 446 post

88 446 277 503 parfium
297 459 474 489 suarum
492 446 645 489 studia.
684 446 811 488 Nova
835 453 879 489 et
896 445 1091 489 inaudita
1109 453 1174 488 est
1193 445 1456 502 praedicatio
1477 446 1586 488 eius-

89 501 221 557 modi,
250 516 348 545 cum
378 502 562 545 ecclesia
596 518 681 546 non
710 502 867 546 habeat
894 502 976 545 sibi
1004 516 1254 544 concessum
1316 500 1476 544 ladium
1503 502 1586 544 nisi

89 558 278 616 spiritus,
299 558 415 616 quod
434 565 499 601 est
514 557 697 602 verbum
712 559 798 602 Dei
811 567 838 600 ¹.
877 558 1046 601 Iustitia
1072 559 1236 615 quippe
1256 558 1291 600 P
1322 559 1581 600 arisaeorum

89 620 168 670 est,
195 629 284 658 non
314 614 525 669 occidere,
554 629 641 658 non
666 615 873 672 peierare.
915 613 1005 657 Sed
1034 630 1130 658 vere
1159 615 1257 657 dico
1287 615 1420 667 vobis,
1449 615 1511 657 ait
1538 615 1584 656 in

88 670 313 729 euangelio
334 671 562 725 Dominus,
609 687 690 714 uta
709 672 802 714 nisi
820 671 1115 714 abundaverit
1132 672 1307 713 iustitia
1323 677 1466 713 vestra
1475 671 1583 728 plus
1597 685 1694 712 unu:
1718 686 1781 718 5,6.

88 742 223 786 quam
250 728 499 771 scribarum
528 735 567 771 et
654 728 944 781 arimeorum,
974 742 1063 769 non
1084 727 1305 770 intrabitis
1330 729 1378 770 in
1400 742 1583 784 requam

87 783 319 828 caelorum.
386 783 495 827 Cum
531 785 646 826 enim
684 783 847 826 dictum
884 783 940 826 sit
981 782 1048 825 his
1095 783 1170 840 qui
1209 791 1308 826 sunt
1351 782 1432 826 sub
1476 781 1583 838 lege,

88 839 278 883 Domino
315 841 555 884 iuramenta
592 854 670 882 sua
707 838 905 882 reddere:
949 840 1045 904 Efqo
1084 846 1240 893 autem,
1276 840 1428 896 inquit,
1464 838 1627 906 vobisM

88 896 200 950 dico,
225 898 300 954 qui
320 897 423 940 estis
443 896 524 939 sub
545 896 795 952 euangelica
814 894 1089 952 perfectione,
1120 911 1208 938 ‘non
1229 897 1384 938 iurare
1408 911 1583 938 ommno

87 958 127 996 et
145 968 236 996 non
254 954 454 996 resistere
474 953 589 996 malo
597 967 614 1007 ,⁶
644 953 733 1006 sed,
763 955 803 995 si
823 953 923 1009 quie
943 958 981 994 te
999 953 1272 1007 percusserit
1290 954 1339 995 in
1361 953 1584 995 dexteram

87 1008 332 1063 mamillam,
363 1009 525 1065 praebe
566 1009 637 1052 illi
678 1015 717 1051 et
756 1008 951 1050 alteram.
1010 1008 1131 1064 Ergo
1169 1022 1268 1050 cum
1311 1009 1485 1064 gravius
1529 1008 1584 1050 sit

87 1063 233 1121 gladio
287 1078 442 1121 cogere
496 1064 553 1108 ad
595 1064 942 1122 supradictarum
985 1065 1172 1120 partium
1222 1064 1583 1122 conspirationem

116 1134 218 1164 uam
236 1119 490 1164 verberibus
509 1122 683 1178 exigere
702 1121 845 1173 fidem,
866 1135 967 1163 ecce
989 1128 1163 1163 sanctus
1180 1120 1419 1177 Gregorius
1435 1119 1585 1162 scribit

86 1135 141 1221 de
169 1177 380 1221 eiusmodi
409 1177 465 1220 ad
493 1177 729 1221 Iohannem
757 1176 1279 1233 Constantinopolitanum
1309 1178 1583 1234 episcopum:

88 1242 206 1286 Nova,
237 1234 436 1291 inquiens
449 1241 479 1288 ²,
510 1250 614 1289 atque
637 1243 806 1278 inaudita
831 1248 882 1278 est
906 1243 978 1276 ieta
997 1242 1236 1287 praedicatio,
1262 1254 1356 1287 quae
1382 1242 1583 1277 verberibus

87 1298 196 1344 0259&
217 1299 343 1344 fiderat.
394 1300 560 1334 Pastum
592 1298 729 1342 etenim,
767 1289 841 1342 ait,
865 1299 964 1343 facti
994 1309 1118 1332 eumue
1156 1303 1188 1332 et
1225 1309 1299 1330 ‘non
1327 1302 1584 1340 persecutores.

86 1343 228 1387 Huius
257 1352 401 1388 autem
461 1345 739 1388 ersecutionis
768 1343 947 1398 rabiem,
976 1357 1086 1399 quae
1110 1343 1196 1384 iam
1224 1356 1311 1384 non
1331 1341 1583 1385 verberibus

85 1400 243 1456 agitur,
277 1400 355 1444 sed
390 1400 546 1458 gadiis
591 1399 718 1443 simul
759 1407 890 1457 atque
929 1413 978 1441 ra
1010 1399 1094 1441 inis
1138 1405 1181 1440 et
1220 1398 1582 1442 destructionibus

85 1455 363 1500 ecclesiarum
393 1458 484 1500 sive
513 1457 733 1500 civitatum
765 1463 809 1499 et
843 1458 969 1499 incen
1002 1455 1054 1497 iis
1083 1453 1282 1497 villarum
1316 1453 1449 1497 multo
1478 1462 1583 1498 tem-

86 1526 193 1570 pore
234 1514 483 1557 auctoribus
526 1514 741 1570 episcopis
785 1518 1024 1565 exercetur,
1066 1511 1207 1565 huius,
1251 1511 1441 1567 inquam,
1486 1525 1582 1567 per-

85 1569 318 1612 secationis
355 1569 520 1613 rabiem
567 1584 663 1611 com
697 1569 820 1612 robat
860 1570 1044 1625 scriptor
1086 1566 1199 1609 illius
1238 1566 1456 1623 epistolae,
1496 1581 1582 1623 qua

13 1680 18 1682 Π
86 1626 277 1684 suscepit
331 1632 499 1683 partem
543 1626 610 1668 sui
676 1626 857 1682 ‘tegorii
901 1623 1130 1667 defendere
1175 1629 1217 1666 et
1259 1623 1444 1666 intendit
1487 1637 1582 1665 eam

86 1687 331 1725 sanctorum
369 1689 541 1740 patrum
579 1682 749 1738 scriptis
786 1682 886 1725 hinc
927 1680 1027 1722 inde
1064 1678 1356 1722 fraudulenter
1393 1678 1582 1722 collectis

85 1737 312 1793 affirmare,
339 1745 388 1782 ut
406 1737 576 1795 gladius
595 1737 767 1795 linguae
787 1737 984 1781 acerbius
1004 1735 1169 1792 affligat
1186 1735 1426 1789 eeclesiam,
1453 1750 1583 1792 quam

83 1792 253 1851 gladius
275 1795 502 1838 occisionis
525 1795 731 1838 hactenus
751 1793 954 1837 afflixerit
973 1807 1090 1847 eam;
1122 1793 1323 1849 quoniam
1346 1793 1469 1834 iuxta
1491 1806 1584 1834 sen-

86 1850 289 1894 tentiam⁸
319 1865 491 1909 quoque
519 1851 753 1908 Augustini
791 1850 966 1908 gravius
996 1847 1055 1890 illi
1086 1863 1158 1890 cor
1186 1848 1356 1901 feriunt,
1394 1849 1466 1904 qui
1494 1847 1583 1904 gla-

86 1905 159 1950 dio
191 1905 367 1964 linguae
401 1907 573 1962 feriunt,
609 1923 640 1951 et
679 1917 852 1959 acerbius,
882 1905 1035 1962 inquit,
1074 1914 1284 1959 sanquinem
1309 1914 1488 1956 fumiunt,
1522 1913 1584 1957 qui

86 1971 273 2015 Momm,
310 1978 483 2017 quantum
514 1970 554 2005 in
590 1972 676 2015 ipsis
710 1973 772 2012 est,
806 1972 845 2005 in
877 1971 1014 2005 homine
1040 1970 1215 2004 occidunt.
1275 1957 1435 2001 Scribit
1469 1959 1584 2000 enim

85 2024 186 2074 post
227 2017 363 2061 multa
404 2024 448 2060 et
489 2017 599 2060 inter
642 2015 795 2068 multa,
839 2014 996 2072 quibus
1042 2014 1326 2057 calumniatur
1363 2013 1430 2056 vel
1468 2013 1584 2056 Hen-

87 2071 234 2116 richus
271 2073 505 2130 imperator
540 2071 609 2115 vel
638 2070 839 2114 Clemens
875 2085 1008 2128 papa:
1056 2071 1207 2113 Verum
1246 2071 1323 2126 qui
1359 2070 1584 2123 hactenus,

87 2129 240 2186 inquit,
260 2130 442 2182 tacebat,
473 2129 576 2170 kuic
596 2142 890 2184 responsurus
917 2126 1164 2170 calumniae
1176 2141 1307 2182 papa
1327 2125 1583 2168 Damasus*

6 2195 11 2198 '
81 2185 323 2242 procedat.-
361 2185 468 2234 ‘Qui
504 2190 646 2242 potest
689 2184 864 2226 obviare
907 2189 944 2226 et
1013 2182 1238 2224 erturbare
1270 2196 1501 2237 perversos
1545 2188 1585 2223 et

88 2256 178 2285 non
200 2240 337 2298 facit,
381 2240 495 2285 nihil
533 2247 595 2282 est
632 2240 758 2282 aliud
794 2255 924 2296 quam
990 2253 1115 2280 avere
1153 2253 1301 2280 eorum
1342 2239 1583 2293 impietati;

87 2312 166 2341 nec
200 2298 313 2341 enim
350 2303 468 2342 caret
504 2296 717 2353 scrupulo
755 2297 974 2338 societatis
1005 2294 1206 2346 occultae,
1244 2296 1322 2350 qui
1350 2293 1584 2350 manifesto

75 2354 282 2411 facinori
302 2355 459 2397 desinit
480 2354 678 2398 obviare’.
721 2352 805 2394 Leo
819 2358 998 2407 papa-⁴:
1029 2350 1172 2406 ‘Neqli
1203 2365 1285 2402 ere,
1314 2364 1411 2391 cum
1433 2351 1584 2405 possis

89 2410 334 2464 deturbare,
358 2424 604 2468 perversae,
633 2408 746 2452 nihil
767 2407 893 2451 aliud
913 2413 974 2449 est
993 2422 1124 2463 quam
1155 2365 1245 2448 igis
1261 2405 1450 2461 favere,·
1481 2420 1584 2471 erqo

14 2493 18 2495 -
89 2467 204 2510 enim
226 2468 301 2510 cui
319 2482 409 2510 non
430 2467 665 2518 resistitur,
688 2464 977 2520 approbatur,
1008 2469 1046 2505 et
1068 2463 1242 2514 veritas,
1275 2476 1385 2518 quae
1405 2463 1584 2504 mimme

90 2521 368 2621 ansatur,
414 2523 707 2581 opprimitur¹.
767 2520 1040 2577 Greyorius⁶
1088 2520 1134 2560 ἰη
1179 2519 1271 2560 suis
1315 2517 1582 2560 moralibus:

89 2581 103 2604 ‘
208 2594 362 2635 umque
401 2580 537 2637 quieti
565 2583 692 2634 atque
723 2577 973 2619 inconcussi
1002 2574 1306 2631 relinquimur,
1337 2575 1377 2615 ei
1406 2573 1583 2616 obviare

84 2635 246 2691 pravis
271 2650 356 2691 pro
385 2637 560 2679 iustitia
584 2649 672 2677 non
699 2648 929 2685 curamus,
959 2632 1032 2675 secl
1053 2646 1149 2673 cum
1169 2630 1228 2672 ad
1250 2636 1450 2673 aeternae
1470 2630 1582 2672 vitae

22 2770 26 2772 -
94 2748 130 2791 1)
156 2747 210 2782 cf.
236 2748 259 2783 1.
279 2749 308 2789 1,
331 2748 373 2781 12
402 2748 477 2788 (ille
497 2759 566 2791 pro
585 2746 720 2781 Christo
735 2746 908 2790 funyitur
934 2745 1115 2788 legatione,
1142 2742 1204 2786 qm*
1222 2755 1291 2786 pro
1304 2754 1395 2785 pace
1411 2747 1583 2785 precatur

91 2796 271 2840 ecelesiae)
299 2802 335 2830 et
361 2798 412 2837 11,
440 2808 471 2831 c.
504 2795 547 2830 13
575 2796 688 2839 (Erqo
714 2794 840 2829 Petrus
866 2794 1023 2827 nondum
1056 2791 1250 2837 intelli-qens
1276 2802 1367 2835 quae
1393 2791 1462 2824 Dei
1487 2796 1581 2830 sunt,

86 2850 208 2889 portal
238 2845 429 2890 gladium).
531 2846 568 2887 2)
596 2845 760 2887 Gregorii
794 2845 914 2888 Opera
940 2843 989 2883 11,
1018 2854 1051 2885 p.
1080 2841 1163 2874 664.
1264 2841 1303 2884 3)
1330 2840 1521 2883 Augustini
1547 2840 1582 2872 in

91 2894 261 2928 Iohannis
288 2905 415 2938 euang.
446 2906 477 2928 c.
506 2896 537 2933 1,
563 2898 666 2928 tract.
700 2894 743 2932 V,
766 2894 886 2937 Opera
912 2892 980 2934 111,
1009 2891 1042 2932 2,
1068 2902 1103 2934 p.
1131 2890 1214 2923 325.
1362 2890 1399 2931 4)
1424 2889 1582 2921 Decreta

92 2943 242 2978 Damasi
267 2954 395 2987 papae,
423 2943 618 2976 Hinschius
651 2954 686 2986 p.
713 2941 795 2975 508.
897 2941 933 2981 ὁ)
966 2941 1124 2973 Decreta
1150 2938 1281 2972 Leonis
1314 2938 1360 2971 ad
1386 2937 1581 2978 Turibium,

91 2990 288 3027 Hinschius
315 3004 348 3036 p.
376 2992 460 3025 595.
564 2992 603 3035 6)
630 2990 795 3033 Gregorii
821 2989 973 3023 Moralia
1000 2989 1023 3022 l.
1050 2987 1183 3029 XXXI,
1211 2987 1331 3031 Opera
1356 2986 1387 3028 1,
1413 2997 1446 3030 p.
1476 2985 1582 3018 1023.

1630 838 1703 865 stth.
1715 838 1743 871 5,
1754 838 1801 865 ³3.

1643 878 1691 905 84.
1705 877 1751 904 39.
