1878 3308
287 287 332 320 78
529 289 594 321 DE
622 288 832 322 UNITATE
861 288 1133 322 ECCLESIAE
1162 288 1527 323 CONSERVANDA.

286 401 510 455 burgensis
550 399 755 443 ecclesiae
795 402 941 457 episco
974 415 1037 454 us,
1067 400 1243 442 Altman
1271 400 1538 444 Pataviensis
1568 399 1779 444 ecclesiae

286 457 535 513 episcopus,
585 456 853 499 Adalberdus
958 457 1233 499 ormaciensis
1283 456 1487 500 ecclesiae
1535 458 1781 514 episcopus,

284 513 530 556 Bul-cardus
570 512 934 555 Halberstatensis
974 513 1180 556 ecclesiae
1220 513 1362 570 episco
1397 528 1461 568 us,
1500 513 1782 556 Werinherus

284 569 652 625 Merseburgensis
701 569 909 612 ecclesiae
958 584 980 611 e
1015 570 1203 635 iscopus,
1253 569 1372 612 Gunt
1402 584 1501 612 erus
1550 569 1798 624 Citicensis*

285 625 492 669 ecclesiae
528 626 771 682 episcopus,
810 625 960 668 Benno
1038 627 1264 668 ismensisa
1293 625 1503 668 ecclesiae
1533 626 1776 683 episcopus,

285 682 565 737 Hartwigusb
605 681 907 725 Wirdunensis
946 682 1154 725 ecclesiae
1196 683 1447 739 episcopus,
1490 681 1780 724 Herimannus

285 738 488 781 Metensis
532 737 735 780 ecclesiae
779 739 1023 796 episcopus,
1062 738 1361 795 Reginhardus
1405 738 1511 782 alter
1545 738 1782 781 Mindensis

286 794 493 837 ecclesiae
526 794 770 851 episcopus,
800 810 878 851 per
902 795 1044 837 studia
1074 796 1260 852 partium
1290 794 1658 846 subintroductus,
1688 793 1781 837 Wi-

284 850 375 948 ΞΟΠ
412 849 519 893 alter
548 852 771 906 Augustae
801 867 823 894 e
857 852 946 893 isco
980 866 1044 899 us,
1075 867 1152 908 per
1180 851 1322 893 studia
1350 852 1539 908 partium
1568 850 1779 894 subintro-

316 914 454 960 uctus‚
486 905 767 949 Gebehardus
796 923 821 949 a
838 915 902 950 ter
932 867 1271 950 (i'onstantiensis
1301 907 1509 950 ecclesiae
1538 907 1780 964 episcopus,

317 978 364 1006 er
402 962 543 1005 studia
579 964 767 1019 partium
805 963 1170 1017 subintroductus,
1210 964 1454 1006 Henrichus
1487 963 1596 1006 alter
1622 963 1779 1006 Pader-

286 978 569 1062 Erunnensis⁰
590 1020 832 1075 episcopus,
852 1034 931 1076 per
951 1020 1093 1062 studia
1107 1021 1295 1077 partium
1315 1020 1681 1074 subintroductus,
1703 1019 1779 1062 sed

286 1091 340 1118 ne
369 1075 511 1118 adhuc
540 1076 713 1132 quidem
743 1077 948 1119 initiatus.

179 1142 274 1177 (XXI)
399 1133 466 1175 20.
525 1132 603 1174 Isti
635 1133 688 1175 15
716 1132 1006 1189 praeferentes
1045 1146 1201 1175 nomen
1238 1133 1467 1175 sacerdotii
1495 1147 1624 1189 saepe
1653 1138 1780 1174 antea

285 1189 521 1239 ammoniti,
552 1202 668 1230 nunc
696 1196 839 1231 autem
867 1188 1122 1245 regulariter
1150 1190 1306 1242 vocati,
1338 1190 1440 1246 quia
1467 1189 1696 1231 noluerunt
1723 1187 1780 1230 ad

285 1259 439 1301 pacem
470 1243 631 1287 Christi
660 1250 702 1287 et
730 1245 934 1288 ecclesiae
964 1245 1132 1299 reverti,
1163 1260 1219 1287 ex
1246 1246 1502 1288 auctoritate
1537 1245 1651 1288 sedis
1679 1257 1780 1300 apo-

286 1299 459 1343 stolicae
481 1306 580 1342 sunt
599 1301 753 1343 deiecti
783 1308 911 1358 atque
933 1301 1122 1344 damnati
1136 1309 1170 1356 ¹3
1193 1302 1320 1358 quod,
1350 1303 1462 1344 sieut
1482 1301 1632 1343 scribit
1653 1299 1779 1344 Gela-

285 1357 400 1399 Sius²
429 1371 557 1413 papa,
593 1379 665 1400 non
691 1368 803 1400 solum
822 1369 987 1411 praesuli
1013 1367 1202 1411 apostolico
1219 1368 1345 1412 facere
1371 1367 1461 1410 licet,
1497 1368 1559 1401 sed
1584 1367 1779 1411 cuicunque

281 1417 441 1461 pontzflci
467 1417 554 1458 licet,
579 1417 763 1459 quemlibet
783 1417 895 1450 locum
914 1417 1071 1451 hereseos
1089 1418 1280 1450 secundum
1297 1418 1456 1462 regulam
1482 1422 1563 1450 ante
1587 1417 1780 1450 damnatae

285 1484 308 1506 a
326 1471 499 1506 catholica
517 1472 756 1506 communione
773 1473 983 1506 disc-emere.
1026 1462 1186 1518 Magna
1211 1462 1384 1519 quidem
1410 1462 1571 1505 heresis
1595 1468 1673 1516 est,
1694 1461 1779 1504 Dei

284 1519 482 1559 resistere
511 1517 783 1572 ordinationi,
813 1518 934 1560 cuius
965 1518 1095 1560 solius
1125 1525 1189 1560 est
1216 1525 1406 1574 potestas
1436 1517 1567 1561 dandi
1595 1518 1779 1574 imperii,

286 1578 347 1620 qui
380 1578 444 1611 dat
466 1576 678 1622 felicitatem
708 1578 746 1611 in
778 1589 884 1622 reqno
911 1579 1086 1612 caelorum
1111 1579 1193 1612 solis
1213 1578 1298 1622 piis,
1324 1590 1470 1623 reqnum
1495 1589 1577 1613 vero
1602 1581 1780 1613 terrenum

287 1631 318 1660 et
345 1625 419 1670 piis
453 1633 485 1660 et
518 1625 646 1669 impiis,
683 1626 771 1660 sicut
802 1627 835 1660 ei
860 1628 990 1670 placet,
1025 1627 1083 1661 cui
1115 1627 1208 1661 nihil
1241 1628 1369 1661 iniuste
1395 1628 1524 1671 placet.
1577 1626 1649 1668 Qui
1673 1626 1775 1667 enim,

285 1671 426 1728 inqust
453 1672 719 1726 Augustinus
730 1678 760 1725 ³,
791 1693 936 1726 regnum
961 1682 1058 1715 dedit
1084 1683 1214 1724 Mario,
1249 1682 1323 1725 ipse
1358 1687 1389 1716 et
1414 1683 1498 1716 Caio
1525 1682 1683 1724 Caesari,
1718 1680 1780 1725 qui

286 1729 458 1775 Anqusto‚
483 1730 559 1774 ipse
585 1735 617 1765 et
644 1730 790 1772 Neroni,
816 1731 878 1774 qui
912 1730 1136 1774 Vespasianis
1168 1732 1225 1764 vel
1241 1731 1343 1774 patri
1367 1732 1425 1765 vel
1438 1732 1530 1775 filio,
1555 1729 1777 1765 suavissimis

286 1780 568 1823 imperatoribus,
602 1779 677 1823 ipse
712 1784 743 1814 et
774 1779 981 1813 Domitiano
1013 1779 1265 1823 crudelissimo,
1301 1786 1333 1813 et
1362 1791 1406 1814 ne
1434 1791 1503 1824 per
1535 1780 1692 1824 sinyuloe
1723 1779 1777 1814 ire

286 1847 422 1868 necesse
449 1834 503 1876 sit,
530 1835 592 1878 qui
618 1834 844 1868 Constantino
871 1834 1074 1877 christiano,
1099 1835 1174 1878 ipse
1195 1841 1378 1878 apostatae
1399 1835 1556 1870 Iuliano.
1604 1825 1778 1881 Magna,

285 1881 476 1937 inquam,
515 1881 675 1922 heresis
706 1888 783 1933 est,
813 1879 895 1922 Dei
928 1880 1187 1922 ordinationi
1215 1880 1425 1934 resistere,
1464 1880 1580 1937 quod
1609 1887 1777 1924 constat

287 1936 600 1993 suprascriptos
623 1937 675 1978 15
727 1935 1087 1993 seudoepiscopos
1110 1936 1278 1990 fecisse,
1309 1936 1410 1978 dum
1440 1937 1656 1979 destruere
1676 1937 1779 1979 nite-

286 1991 443 2034 bantur
477 2007 658 2049 regnum
695 1951 906 2035 &enrichi
945 1993 1060 2048 regis
1098 2008 1125 2035 a
1160 1993 1257 2035 Deo
1294 1992 1376 2034 sibi
1420 1992 1635 2046 collatum,
1678 1994 1779 2036 resi-

287 2049 437 2091 stendo
475 2050 513 2091 ei
549 2056 678 2105 atque
716 2048 995 2105 repugnando
1026 2064 1162 2106 usque
1192 2049 1247 2091 ad
1278 2049 1529 2092 effusionem
1561 2049 1780 2106 sanguinis

286 2105 516 2147 multorum
560 2105 792 2146 hominum.
865 2104 936 2146 Ex
979 2105 1060 2147 hac
1103 2105 1397 2148 crudelissima
1438 2104 1579 2149 heresi
1621 2105 1780 2148 multae

286 2161 455 2204 hereses
486 2169 527 2204 et
548 2162 749 2203 scismata
769 2168 1043 2216 emerserunt,
1072 2169 1120 2205 ut
1148 2177 1229 2204 nec
1259 2162 1429 2205 divinae
1457 2177 1537 2204 nec
1567 2161 1778 2205 humanae

285 2217 403 2274 leges
426 2218 655 2275 quicquam
685 2233 800 2259 nunc
827 2217 998 2260 valeant
1025 2218 1143 2275 apud
1170 2218 1266 2260 illos
1294 2218 1364 2261 vel
1393 2224 1538 2260 contra
1567 2217 1675 2273 illos,
1703 2217 1777 2276 qui

286 2274 431 2331 inique
461 2280 606 2330 agunt,
643 2275 731 2330 qui,
762 2273 864 2315 dum
903 2289 1117 2331 nusquam
1154 2289 1241 2317 non
1279 2289 1443 2317 errasse
1472 2280 1774 2328 monstrantur,

286 2330 548 2372 sacrosancti
585 2345 679 2372 esse
714 2330 832 2386 apud
874 2345 973 2372 suos
1009 2330 1320 2385 describuntur,
1361 2346 1387 2372 a
1420 2330 1479 2372 ud
1522 2345 1629 2387 quos
1668 2329 1774 2373 nihil

286 2387 422 2428 sancti
457 2385 526 2429 vel
562 2387 673 2428 sacri
708 2385 958 2430 inviolatum
987 2393 1169 2429 tenetur.
1226 2387 1392 2429 Praeva
1408 2387 1472 2428 uit
1500 2387 1630 2429 etiam
1658 2386 1775 2444 apud

285 2500 315 2534 a)
337 2502 516 2528 misinensis
540 2503 566 2528 1.
647 2501 680 2535 b)
701 2502 891 2534 Hartvingus
915 2504 938 2528 1.
1021 2501 1049 2534 c)
1071 2502 1145 2529 Pod.
1171 2503 1198 2529 1.

287 2590 322 2631 1)
357 2590 425 2630 Qui
452 2591 614 2633 episcopi
648 2591 685 2622 in
718 2590 818 2624 locos
854 2590 1101 2624 damnatorum
1134 2591 1233 2624 iussu
1266 2591 1490 2634 imperatoris
1522 2592 1773 2634 successerint,

283 2638 501 2672 Waltramus
527 2649 598 2672 non
617 2643 886 2672 commemorat.
923 2639 994 2673 Sed
1013 2639 1209 2673 secundum
1228 2639 1341 2673 Gesta
1357 2641 1439 2673 abb.
1458 2639 1614 2674 Trudon.
1631 2640 1714 2682 (SS.
1727 2641 1775 2682 X,

283 2699 318 2731 p.
348 2686 436 2730 240)
463 2687 579 2721 Gualo
606 2689 749 2731 quidam
778 2688 997 2721 Herimanno
1024 2689 1194 2722 Mettensi
1219 2690 1407 2730 successit,
1432 2691 1471 2722 in
1496 2689 1615 2723 locum
1633 2689 1774 2722 Werin-

283 2737 360 2769 heri
386 2736 542 2769 Merseb.
567 2738 668 2769 venit
690 2737 794 2780 Eppo
821 2735 922 2780 (chr.
950 2748 1030 2781 epp.
1056 2737 1225 2779 Men-seb„
1252 2737 1317 2771 SS.
1339 2738 1385 2777 X,
1411 2750 1446 2782 p.
1468 2737 1566 2781 184),
1591 2739 1630 2771 in
1653 2737 1774 2771 locum

282 2785 467 2819 Altmanni
491 2786 616 2819 Patav.
642 2787 741 2818 venit
766 2786 1018 2827 Herimannus,
1051 2786 1160 2820 frater
1185 2786 1286 2820 ducis
1311 2787 1474 2820 Liutoldi
1507 2787 1565 2828 (V.
1591 2787 1773 2820 Altmanni

284 2845 315 2869 c.
344 2835 401 2876 15,
436 2834 500 2868 SS.
527 2834 611 2876 XII,
645 2846 681 2879 p.
711 2825 811 2876 2'34).
861 2835 1012 2868 Nomina
1044 2835 1194 2869 aliorum
1226 2838 1264 2868 in
1292 2835 1386 2869 Ann.
1413 2837 1568 2870 Wirzeb.
1605 2837 1704 2869 etin
1728 2835 1774 2870 V.
1831 2809 1878 2881 j

283 2883 489 2917 Gebehardi
514 2893 611 2917 succ.
632 2894 663 2916 c.
680 2884 713 2917 8.
732 2884 942 2917 invenimus.
1022 2883 1060 2928 2)
1077 2886 1195 2919 Mansi
1213 2885 1317 2926 VIII,
1340 2897 1374 2929 p.
1391 2885 1449 2919 17.
1523 2885 1562 2928 3)
1581 2885 1634 2919 Cf.
1651 2885 1773 2928 Augu-

281 2933 366 2966 stini
391 2932 511 2976 Opera
535 2932 619 2972 VII,
645 2944 679 2976 p.
709 2931 790 2966 138.
