1878 3308
314 282 383 318 DE
409 282 623 317 UMTATE
653 282 926 317 BCCLESIAE
953 282 1322 317 CONSERVANDA.
1519 283 1566 315 89

182 395 253 439 25.
310 393 399 439 Sed
441 409 498 438 ex
540 394 608 437 his
653 394 852 437 omnibus
890 394 1119 451 episcopis,
1156 395 1230 450 qui
1267 393 1336 436 vel
1376 393 1566 438 damnati
1581 411 1686 446 ‹xxv›

66 451 236 496 mut
261 450 331 496 vel
358 451 556 508 depositi,
587 466 698 493 unus
721 458 899 504 tantum,
928 449 1092 493 scilicet
1114 450 1265 492 Benno
1296 450 1568 494 Misniensis⁸

68 509 314 566 episcopus,
341 507 461 551 venit
487 507 544 550 ad
573 507 720 550 sedem
748 505 1029 564 apostolicam
1065 520 1145 563 pro
1174 521 1318 549 errore
1352 521 1430 549 suo
1460 509 1568 564 peti·

66 569 191 608 turm
220 564 406 618 veniam,
436 578 567 621 quam
597 571 640 606 et
667 563 906 620 promeruit
931 563 1144 618 accipere,
1175 564 1298 605 iuxta
1356 563 1443 606 uod
1471 565 1569 621 ipsa

68 626 208 665 mater
253 621 447 663 omnium
490 618 768 663 ecclesiarum
816 619 1011 662 Romana
1058 618 1243 662 ecclesia
1289 633 1336 661 so
1354 627 1425 662 eat
1471 635 1568 663 sese

66 675 386 735 appellantibus
416 675 623 734 quicquid
644 676 816 732 pietatis
836 681 900 718 est
928 689 1099 732 semper
1116 675 1284 729 offerre,
1316 676 1436 741 quia:
1468 685 1568 720 Sicut

67 743 110 778 ‘u
142 743 366 778 οοπίυιιιοοίο
398 741 667 787 persistmtibuo
704 740 864 776 convenit
898 752 963 775 noe
1001 751 1074 775 esse
1108 752 1259 782 seem-os,
1296 738 1357 774 alt
1394 738 1568 774 sanctus

68 802 187 846 papa
215 787 467 845 Gregorius,
495 798 547 832 sic
579 797 708 831 iterum
738 796 936 830 humiliatis
960 802 993 830 et
1010 796 1272 840 poenitentibus
1297 809 1427 842 negare
1453 798 1568 832 locum

67 853 195 890 σακία
217 865 292 888 m
314 854 491 890 debeam.
541 842 660 899 Ergo
691 840 889 885 Clemens
918 855 1033 898 papa
1060 842 1357 898 poenitentem
1382 843 1567 899 benigne

66 899 261 957 suscepit
293 906 337 943 et
375 899 618 942 confessum
662 912 741 963 pro
785 912 928 940 errore
971 911 1048 940 suo
1091 897 1325 941 honorifice
1368 901 1570 942 tractavit

67 955 386 1013 abeuntemque
429 969 528 998 cum
570 954 704 997 literis
742 953 1003 1011 apostolieae
1041 953 1156 996 sedis
1199 953 1255 996 ad
1299 954 1566 998 Henrichum

65 1011 369 1069 imperatorem
397 1012 524 1064 misit,
555 1025 682 1068 quem
713 1012 867 1067 etipse
887 1009 1069 1053 libenter
1086 1011 1305 1067 accipiens
1324 1019 1566 1054 correctum

67 1067 233 1112 dimisit
269 1067 404 1112 libere
438 1066 559 1110 abire
594 1067 639 1109 in
678 1067 979 1124 episcopatum
1018 1080 1161 1109 suum.
1220 1066 1308 1110 Sed
1343 1066 1417 1109 illa
1445 1069 1567 1111 satis-

65 1122 198 1167 factio
225 1125 388 1167 utinam
417 1123 547 1167 fuerit
573 1138 696 1180 pura,
726 1137 908 1180 syncera
932 1130 1063 1180 atque
1090 1122 1316 1176 catholica,
1349 1125 1565 1181 quoniam,

65 1180 180 1223 Sicut
205 1179 358 1223 wribit
383 1180 498 1223 Le0¹
529 1193 664 1237 papa:
702 1188 985 1223 saluberrimum
1019 1194 1069 1222 est
1101 1195 1133 1223 ει
1167 1189 1340 1233 qvir-italie
1370 1191 1567 1225 medicinae

66 1240 221 1275 utilitate
239 1241 400 1285 plenum,
425 1246 476 1283 ut,
502 1241 704 1285 quicunque
728 1250 766 1272 se
791 1243 962 1272 correctos
987 1237 1103 1272 videri
1122 1239 1257 1280 volunt,
1284 1250 1437 1273 errorem
1462 1251 1568 1273 mum

67 1294 102 1324 et
131 1289 230 1334 ipsos
259 1289 391 1324 morie
425 1293 585 1324 auctores
617 1287 788 1322 damnari
821 1298 845 1319 a
876 1298 913 1320 ,ιο
937 1286 1134 1330 fateantur
1159 1288 1234 1321 eine
1261 1287 1500 1332 ambiquitate,
1527 1294 1567 1321 ut

65 1338 207 1372 maun
239 1337 405 1373 neemiae
429 1338 621 1372 membrum
719 1335 842 1380 emptis
874 1336 1033 1369 semibus
1061 1347 1202 1380 pravae
1226 1335 1433 1371 intentionis
1451 1337 1568 1381 possit

65 1392 198 1428 violari
228 1393 356 1428 teliu-s
387 1394 559 1428 societate.
615 1348 728 1424 1⁴1ssss
766 1387 933 1423 certum
971 1386 1049 1434 est,
1087 1381 1271 1424 eundem
1311 1383 1566 1439 episcopum

65 1437 319 1481 Bennonem
347 1437 453 1480 nihil
473 1437 623 1480 deince
656 1453 677 1480 s
697 1436 877 1479 viriliter
906 1436 1046 1492 egisse
1077 1451 1176 1479 cum
1198 1437 1567 1495 comprovinciali-

66 1492 150 1537 bus
163 1493 550 1559 pseudoepiscopis
565 1509 619 1536 ve
655 1508 752 1536 cum
769 1493 1036 1550 principibus
1053 1493 1270 1537 Saxoniae
1285 1508 1364 1551 pro
1385 1508 1568 1537 eonven-

65 1550 183 1593 tione
202 1557 247 1594 et
263 1550 408 1593 stud1o
435 1551 555 1607 pacis
575 1549 907 1602 ecclesiasticae,
929 1548 1075 1606 quales
1096 1549 1300 1593 dicuntur
1323 1564 1350 1592 a
1375 1550 1565 1593 Domino

63 1620 144 1663 per
170 1605 378 1649 Hesaiam
406 1606 665 1663 prophetam
694 1604 995 1662 ‘speculatores
1021 1606 1153 1659 caeci,
1182 1620 1310 1649 canes
1329 1607 1450 1660 muti,
1479 1621 1566 1649 non
1579 1618 1633 1645 E·-
1646 1618 1693 1651 56,
1707 1619 1753 1644 1⁰-

14 1679 17 1682 ’
64 1662 259 1706 valentes
279 1661 459 1716 latrare’3
487 1663 705 1720 quoniam,
727 1662 840 1704 sicut
860 1660 1085 1704 Gelasius²
1110 1677 1226 1719 papa
1253 1662 1417 1715 scribit,
1445 1677 1567 1719 prae-

65 1718 380 1763 varicatoribus
400 1719 550 1776 utique
570 1719 795 1771 consentit,
816 1718 1011 1775 quisquis
1031 1719 1307 1775 suggestione
1323 1733 1410 1776 qua
1426 1725 1568 1775 potest

65 1789 154 1818 non
177 1774 351 1829 resistit,
380 1790 413 1820 et
444 1785 507 1829 qut
530 1784 620 1819 alios
652 1785 698 1819 ab
734 1795 852 1818 cnoro
876 1795 949 1817 non
982 1790 1135 1826 revocat,
1162 1796 1199 1818 re
1223 1785 1353 1828 ipsum,
1384 1775 1525 1832 inquit
1535 1783 1568 1830 ³,

66 1851 189 1876 more
211 1841 440 1876 demonstrat.
484 1829 686 1873 Ceterum
718 1829 1085 1886 praevaricatores
1111 1829 1430 1874 ecclesiasticae
1458 1830 1568 1887 legis

65 1886 275 1943 episcopi,
314 1886 389 1944 qui
425 1886 471 1928 in
509 1886 760 1943 supradicta
798 1884 963 1941 synodo
1004 1892 1105 1927 sunt
1143 1885 1329 1942 depositi
1369 1894 1412 1930 et
1450 1889 1567 1930 omni

65 1941 355 1986 ecclesiastiea
382 1941 591 1998 dignitate
620 1942 794 1999 privati,
824 1941 1077 1983 sententiam
1098 1940 1379 1998 depositionis
1408 1957 1512 1986 suae
1540 1957 1568 1984 a

66 1997 169 2042 sede
204 1997 442 2056 apostolica
476 1997 686 2054 prolatam
718 1996 1051 2054 parvipendunt,
1081 2002 1124 2039 et
1152 1997 1380 2054 superbiae
1411 1999 1567 2055 spiritu

3 2070 6 2072 ’
64 2053 217 2109 inflati,
245 2069 331 2096 non
351 2053 489 2096 solum
509 2054 691 2096 vetitum
721 2053 804 2095 sibi
834 2052 1023 2093 officium
1053 2066 1159 2094 ausu
1189 2054 1416 2096 temerario
1447 2069 1566 2096 usur-

154 2116 185 2164 t,
224 2109 302 2153 sed
339 2110 469 2153 etiam
505 2109 741 2152 secundum
782 2122 967 2150 canones
997 2121 1245 2151 concessam
1276 2109 1367 2152 sedi
1396 2117 1566 2167 aposto-

98 2180 177 2210 cae
211 2173 471 2223 potestatem
513 2173 725 2208 conantur
767 2164 931 2229 eripere
975 2170 1018 2206 et
1060 2163 1235 2207 sibimet
1277 2179 1371 2207 eam
1416 2174 1566 2209 contra

65 2237 252 2266 canones
282 2222 547 2265 contendunt
574 2235 802 2278 usurpare,
841 2219 1026 2277 ideoque
1054 2218 1350 2277 frequentibus
1380 2237 1564 2265 conven-

64 2278 208 2322 ticulis
243 2279 404 2335 pariter
438 2284 481 2320 et
519 2278 691 2334 scriptis
730 2276 1011 2318 firmaverunt
1048 2275 1131 2318 sibi
1169 2276 1282 2319 hunc
1321 2293 1562 2321 sermonem

64 2348 267 2403 nequm,
298 2341 345 2378 ut
363 2349 449 2377 non
469 2334 606 2391 possit
624 2333 819 2376 Romana
838 2331 1021 2374 ecclesia
1048 2330 1179 2374 alium
1210 2332 1367 2376 habere
1387 2349 1561 2391 papam,

65 2391 150 2434 nisi
188 2392 245 2434 sit
279 2406 334 2434 ex
372 2399 494 2448 parte
531 2391 597 2432 sui
627 2388 841 2445 Gregorii,
881 2388 954 2445 qui
984 2386 1087 2431 velit
1114 2389 1312 2432 resistere
1343 2390 1562 2433 Henricho

146 2447 158 2458 ‘
209 2447 343 2490 immo
382 2446 554 2489 divinae
591 2445 861 2498 ordinationi,
892 2445 965 2501 qui
997 2444 1123 2486 etiam
1155 2444 1257 2487 velit
1285 2446 1430 2489 sedem
1461 2461 1563 2504 apo-

68 2508 136 2547 sto
154 2479 265 2547 ‘'cam
284 2502 487 2547 invadere
509 2510 658 2545 contra
680 2501 954 2557 Wigbertum
984 2500 1231 2557 pontificem
1253 2501 1389 2567 ipsius
1409 2502 1563 2545 Roma-

66 2573 148 2603 nae
177 2558 396 2603 ecelesiae.
456 2559 542 2603 Sed
574 2557 704 2601 velint
738 2557 874 2600 nolint
902 2563 1046 2613 partes
1075 2556 1430 2611 adversariorum,
1461 2573 1563 2602 ecce

67 2616 179 2659 neri
202 2629 388 2659 canones
408 2615 733 2667 constituerunt,
763 2614 894 2656 totius
924 2611 1131 2656 ecclesiae
1161 2612 1471 2670 appellationes
1491 2614 1564 2658 de-

26 2710 30 2712 ,
68 2671 171 2715 ferri
203 2671 261 2715 ad
299 2686 482 2715 examen
521 2671 634 2714 sedis
671 2668 946 2727 apostolicae,
986 2667 1042 2711 ab
1079 2669 1174 2725 ipsa
1209 2685 1311 2712 vero
1351 2685 1563 2728 nusquam

66 2741 244 2786 prorsus
273 2741 328 2785 ap
362 2726 481 2770 ellari
511 2727 669 2770 debere
689 2732 944 2778 sanxerunt3
974 2739 1026 2767 ac
1055 2739 1131 2782 per
1156 2724 1236 2767 hoc
1256 2724 1371 2768 illam
1401 2726 1454 2769 de
1475 2733 1565 2770 tota

67 2783 250 2828 eeclesia
278 2743 483 2838 iudicare,
515 2784 654 2840 ipsam
684 2796 786 2825 vero
816 2780 872 2823 ad
902 2779 1057 2823 nullius
1086 2781 1292 2824 iudicium
1323 2796 1563 2825 commeare

68 2877 101 2914 a)
120 2880 298 2908 minen-u
321 2882 347 2910 1.

70 2942 108 2986 1)
128 2944 323 2979 Einschius
340 2945 365 2979 l.
382 2955 413 2979 c.
437 2957 471 2990 p.
487 2945 571 2979 615.
647 2942 687 2987 2)
710 2942 765 2976 Cf.
780 2942 883 2975 Thiel
910 2953 946 2986 p.
962 2941 1046 2976 410.
1121 2942 1160 2984 8)
1185 2942 1320 2977 Locum
1340 2953 1411 2976 non
1428 2943 1562 2975 inveni.
