1878 3308
282 225 327 257 26
525 224 591 257 DE
617 222 826 257 UNITATE
852 221 1125 255 EGOLESIAE
1154 219 1519 255 CONSERVANDA.

283 337 390 379 sicut
430 335 649 392 Sylvester
683 348 797 391 papa
836 339 1104 376 attestatur¹:
1152 342 1274 384 Nemo,
1306 332 1515 389 inquiens,
1544 342 1688 376 clericus
1715 342 1771 377 vel

283 397 454 431 diaconus
474 396 660 439 presbyter
679 399 826 438 propter
852 394 1039 436 quamlibet
1065 403 1210 426 causam
1234 391 1339 426 intret
1363 392 1402 425 in
1427 391 1574 433 curiam,
1601 401 1663 424 nec
1687 396 1770 425 ante

281 452 434 486 iudicem
467 450 615 484 cinctam
649 461 794 483 causam
829 449 943 482 dicere
963 451 1183 491 praesumat,
1218 445 1386 489 quoniam
1411 446 1533 489 omnin,
1567 436 1638 489 ait,
1669 444 1770 479 curia

286 519 309 540 a
334 517 455 540 cruore
481 504 622 539 dicitur.
680 494 738 536 Et
768 509 865 535 cum
896 492 1181 536 ecclesiastica
1209 490 1463 547 prohibeant
1489 492 1660 535 decreta
1688 490 1769 532 sub

285 550 565 593 anathematis
610 551 737 593 etiam
782 549 1118 606 interpositione,
1156 552 1204 588 ut
1245 546 1421 590 inferior
1464 547 1643 613 quilibet
1678 560 1772 604 gra-

287 607 367 649 dus
410 621 495 648 non
548 613 792 662 praesumat
842 605 1104 662 superiorem
1148 617 1364 657 accusare,
1414 618 1509 669 quis
1552 602 1796 646 accusabit*

287 678 433 719 regem
463 663 585 719 quasi
613 661 952 719 praecellentem,
985 662 1067 714 cui,
1099 661 1209 702 sicut
1228 659 1502 702 Innocentlus
1527 673 1644 717 papa
1670 660 1731 701 ait
1743 666 1773 713 ²,

287 729 524 763 servabuntur
557 739 625 762 sua
657 733 757 773 qesta
791 727 909 762 omnia
944 729 992 762 ad
1016 727 1235 761 reddendam
1265 725 1342 759 Deo
1375 725 1573 760 rationem?
1595 720 1599 724 ’
1621 715 1772 758 Fabia-

287 789 366 816 nus
403 779 564 830 papa³t
614 783 744 824 Omnis,
780 773 933 828 inquit,
973 782 1034 825 qui
1067 781 1195 814 crimen
1229 780 1340 824 obicit,
1373 780 1515 823 scribat,
1549 791 1584 814 se
1603 780 1774 824 probatu-

288 845 367 867 rum
392 845 430 867 re
457 844 563 873 vera;
595 831 644 866 ibi
677 843 811 875 semper
836 835 973 865 causaa
1008 836 1148 875 aqatur,
1174 829 1235 862 ubi
1260 830 1390 863 crimen
1415 829 1613 864 admittitur
1621 841 1633 870 ,-
1659 835 1691 863 et
1715 829 1776 872 qui

287 900 356 922 non
380 887 587 931 probaverit
623 887 717 931 quod
753 886 884 928 obiecit,
911 897 1075 930 poenam,
1107 874 1258 930 inquit,
1287 896 1392 927 quam
1421 883 1579 918 intulerit
1597 884 1775 928 patiatur.

288 934 448 975 Probet
465 947 578 974 nunc
597 931 668 974 ille
687 931 946 975 Hildebrant
973 936 1047 972 aut
1075 929 1229 986 aliquis
1259 929 1312 971 de
1341 935 1461 985 parte
1482 931 1586 984 eius,
1616 943 1775 986 regem,

290 1003 417 1047 quem
446 1003 525 1030 nos
555 988 695 1030 adhuc
725 988 998 1031 aestimamus
1027 994 1074 1028 ut
1094 986 1364 1039 catholicum,
1393 984 1560 1042 probet,
1589 986 1777 1042 inquam,

290 1061 387 1088 eum
417 1060 509 1087 esse
538 1044 819 1087 hereticorum
849 1050 1066 1086 auctorem
1095 1048 1137 1084 et
1166 1047 1669 1098 consentaneum,.atque
1697 1041 1779 1083 hoc

290 1116 367 1158 per
395 1101 571 1143 idoneos
601 1101 732 1143 faciat
760 1106 902 1154 testes,
944 1099 1147 1155 quoniam
1178 1097 1467 1141 ecclesiastica
1498 1097 1658 1140 iudicia
1691 1111 1778 1139 non

290 1157 502 1213 recipiunt
540 1171 743 1213 personas
787 1171 896 1212 quae
939 1156 1139 1198 dicuntur
1173 1155 1372 1208 infames,
1417 1155 1529 1196 sicut
1571 1160 1670 1196 sunt
1716 1153 1777 1194 in-

292 1213 490 1267 cestuosi,
519 1214 692 1269 periuri,
721 1211 973 1265 homicidae,
1003 1218 1045 1254 et
1065 1211 1139 1268 qui
1158 1210 1355 1253 auferunt
1373 1210 1529 1253 iniuste
1557 1208 1778 1252 facultates

292 1268 508 1324 ecclcsiae,
549 1275 592 1311 et
629 1269 703 1325 qui
736 1268 887 1311 fratres
925 1267 1237 1309 calumniantur
1272 1272 1347 1308 aut
1383 1273 1588 1308 accusant
1623 1273 1665 1308 et
1692 1279 1779 1307 non

291 1326 488 1382 probant,
517 1325 586 1368 vel
615 1326 688 1381 qui
719 1331 868 1366 contra
886 1325 1131 1366 innocentes
1161 1323 1405 1378 principum
1433 1323 1597 1363 animos
1625 1321 1681 1364 ad
1699 1321 1780 1363 ira-

294 1381 495 1424 cundiam
531 1387 780 1437 provocant,
819 1387 862 1422 et
925 1381 970 1421 ui
998 1378 1286 1436 apostolorum
1315 1377 1385 1420 vel
1411 1377 1590 1420 fratrum
1621 1383 1779 1421 statuta

293 1437 455 1480 violant
493 1445 535 1480 et
564 1444 718 1490 cetera,
749 1436 802 1479 de
833 1437 906 1493 qui
938 1451 989 1478 us
1023 1434 1147 1492 plura
1186 1434 1336 1477 scribit
1374 1433 1615 1490 Stephanus
1684 1447 1778 1490 apa.

295 1493 454 1537 Contra
482 1494 587 1535 haec
615 1500 743 1550 atque
773 1491 855 1534 alia
883 1499 1153 1534 sacrosancta
1183 1505 1395 1532 canonum
1424 1496 1582 1532 statuta
1663 1489 1782 1546 'quid

295 1549 463 1605 eligere,
507 1549 589 1591 hoc
633 1557 697 1592 est
741 1555 854 1591 certe
898 1548 1079 1591 heresim
1123 1554 1322 1600 statuere,
1372 1546 1573 1603 quoniam
1620 1545 1780 1588 heresis

296 1606 451 1647 dicitur
480 1605 534 1647 ab
565 1604 783 1647 electione.
840 1604 956 1646 Ecce
986 1611 1127 1646 autem
1156 1603 1276 1645 verbi
1304 1603 1442 1659 gratia
1470 1601 1782 1644 Theodericum

295 1676 440 1718 regem
485 1667 662 1703 noverat
703 1661 897 1702 Romana
942 1658 1122 1702 ecclesia
1164 1659 1295 1700 fuisse
1343 1658 1591 1712 hereticum,
1636 1664 1784 1715 utpote

297 1718 540 1770 Arrianum,
580 1731 659 1759 nec
698 1723 842 1758 tamen
883 1716 1092 1757 iudicavit
1134 1729 1245 1768 eum,
1282 1714 1358 1757 sed
1394 1714 1530 1769 magis
1572 1715 1784 1770 quaesivit

297 1776 471 1827 interea,
501 1773 584 1816 sibi
613 1788 710 1815 eum
738 1772 828 1814 fore
858 1771 1098 1828 pacificum.
1158 1771 1244 1823 Qui
1282 1770 1395 1812 enim
1429 1770 1672 1812 huiusmodi
1709 1776 1785 1824 est,
1845 1801 1848 1804 Δ

298 1831 385 1872 iam
414 1829 627 1872 iudicatus
658 1835 734 1880 est,
766 1829 969 1885 quoniam
998 1829 1120 1870 iuxta
1149 1826 1285 1868 sancti
1313 1840 1452 1882 papae
1474 1824 1663 1868 Gelasii⁴
1692 1841 1783 1868 sen-

299 1887 476 1929 tentiam
512 1899 641 1937 error,
681 1885 755 1941 qui
784 1883 914 1927 semel
943 1899 1040 1926 cum
1070 1897 1147 1924 suo
1177 1889 1350 1924 auctore
1379 1881 1604 1924 damnatus
1634 1888 1710 1936 est,
1740 1883 1785 1923 in

301 1943 510 1999 participe
541 1940 731 1998 quolibet
758 1954 917 1997 pravae
946 1939 1252 1981 communionis
1281 1938 1430 1980 effecto
1461 1945 1503 1981 et
1531 1939 1785 1980 exsecratio-

301 2013 399 2040 nem
430 1999 495 2039 sui
523 2003 662 2054 gestat
699 2003 741 2039 et
768 2011 964 2053 poenam.
1023 1995 1151 2048 Ecce,
1179 1996 1368 2051 inquam,
1397 1995 1443 2035 in
1471 1994 1654 2036 Arriano
1684 2007 1786 2051 quo-

304 2069 387 2111 que
430 2069 531 2110 rege
605 2058 825 2095 otestatem
864 2068 890 2094 a
926 2052 1022 2094 Deo
1061 2051 1297 2093 ordinatam
1335 2049 1513 2093 ecclesia
1547 2050 1788 2104 honoravit,

304 2111 386 2164 cui,
428 2111 537 2152 sicut
573 2069 754 2165 legitur⁵
794 2110 836 2150 in
877 2108 1058 2151 decretis
1090 2106 1336 2162 Symmachi
1365 2121 1516 2163 papae,
1548 2105 1786 2163 supplicem

303 2167 439 2222 magis
470 2181 596 2223 quam
615 2165 801 2207 iudicem
829 2165 924 2221 ipsa
951 2178 995 2205 se
1022 2163 1189 2206 obtulit:
1218 2172 1365 2215 Sancta,
1389 2163 1599 2219 lnquiens‚
1629 2172 1786 2215 synodus

305 2227 404 2270 apud
441 2226 561 2260 urbem
597 2225 745 2259 Romam
786 2236 829 2258 επ
858 2230 1047 2267 praecepto
1082 2222 1324 2267 qloriosissimi
1359 2223 1450 2266 reqie
1497 2220 1703 2255 Theodorias·
1743 2232 1786 2254 ea:

304 2275 453 2309 diversis
478 2275 677 2319 reyionibus
703 2278 913 2317 congregata
938 2272 1076 2306 curavit
1101 2271 1307 2305 dissidentes
1342 2282 1419 2304 cum
1443 2270 1636 2304 humilitate
1655 2281 1786 2312 propo-

305 2324 364 2357 siti
389 2324 446 2357 sui
471 2325 520 2357 ad
545 2323 767 2357 concordiam
793 2321 938 2363 hortari,
966 2321 1040 2354 Deo
1065 2320 1104 2353 in
1130 2321 1192 2353 hoc
1212 2331 1347 2362 parens
1385 2325 1416 2353 et
1441 2325 1587 2353 sanctae
1612 2318 1786 2361 principis

305 2372 490 2414 voluntati,
516 2377 555 2405 ut
579 2384 650 2405 non
670 2372 732 2404 sub
760 2371 940 2404 occasione
965 2368 1193 2403 dissensionis
1228 2368 1406 2412 continqat
1435 2368 1589 2401 membra
1618 2367 1785 2411 disperqi,

306 2422 366 2454 sed
399 2422 510 2465 mayis
538 2433 606 2464 per
638 2420 942 2454 mansuetudinem
973 2418 1148 2459 sustineri,
1182 2416 1271 2450 sicut
1301 2417 1379 2449 boni
1411 2428 1487 2450 nost
1508 2416 1623 2459 operis
1648 2415 1786 2448 Paulus

305 2470 471 2514 magister
494 2470 713 2503 ‘instruaeerat
739 2469 867 2510 dicens,
893 2468 1073 2501 sanandos
1091 2478 1162 2500 esse
1180 2466 1355 2509 plurimos
1378 2477 1442 2508 per
1452 2464 1666 2508 patientiam
1685 2470 1787 2508 atque

308 2597 338 2632 a)
361 2599 434 2624 deest
457 2600 491 2630 1,·
515 2598 607 2630 recepi
628 2606 661 2624 ez
681 2606 724 2630 ep.
748 2598 819 2623 Fab.

311 2717 348 2758 1)
387 2718 565 2760 Excerpta
594 2718 770 2760 quaedam
807 2728 849 2749 ex
882 2716 1112 2759 synodalibus
1145 2716 1256 2757 gestis
1290 2714 1325 2747 S.
1353 2713 1516 2748 silvestri
1544 2723 1660 2757 papae
1697 2723 1727 2746 c.
1754 2711 1787 2753 5,

310 2767 502 2799 Hinschius
526 2777 560 2809 p.
588 2766 670 2798 449.
755 2766 792 2806 2)
820 2765 1012 2798 Hinschius
1037 2776 1071 2807 p.
1099 2763 1180 2796 532.
1257 2763 1293 2804 3)
1320 2763 1484 2806 Epistula
1509 2762 1661 2796 Fabiani
1686 2762 1790 2794 tertia

311 2826 341 2849 c.
369 2815 425 2855 28,
464 2815 657 2848 Hinschius
687 2814 831 2857 p.>168.
944 2815 979 2856 4)
1018 2812 1183 2856 Epistula
1209 2812 1355 2851 Gehzsii,
1390 2812 1493 2845 Thiel
1526 2812 1550 2846 l.
1578 2822 1608 2844 c.
1643 2822 1679 2854 p.
1706 2809 1788 2841 399.

312 2866 348 2904 5)
374 2864 568 2897 Hinschius
595 2875 628 2907 p.
658 2864 738 2896 662.
767 2868 802 2896 et
828 2864 910 2895 663.
